4488 5996
461 649 561 718 Carta
574 649 756 738 sorditiam
777 650 889 718 andree
912 652 987 732 hruk
1009 653 1046 718 de
1062 652 1204 740 piscaria
1225 653 1262 720 de
1284 653 1314 738 ly
1330 653 1437 738 surdis
1563 673 1625 740 275

270 821 359 890 dicte
385 821 573 892 leudifirme
598 823 775 892 annuatim
801 833 836 892 et
862 823 1070 894 terminatim
1097 836 1133 894 vt
1161 825 1367 912 premittitur
1393 829 1436 894 ad
1463 827 1626 896 terminos
1720 805 1722 809 Α

269 925 518 1014 suprascriptos
542 929 595 996 vel
622 929 744 998 saltem
771 928 856 998 inira
883 929 1105 1018 quadraginta
1132 931 1205 998 dies
1230 931 1413 1017 quemlibet
1441 931 1625 1002 terminum

271 1031 473 1100 Immediate
495 1043 676 1120 sequentes
701 1036 884 1104 dummodo
907 1036 951 1102 ad
974 1033 1038 1102 hoc
1065 1033 1215 1122 legitime
1238 1034 1390 1121 requisiti
1416 1035 1539 1104 fuerint
1565 1059 1625 1104 seu

268 1135 367 1203 luerit
387 1159 447 1224 per
467 1137 680 1206 collectorem
701 1137 867 1206 dictorum
888 1139 1140 1226 capellanorum
1164 1162 1223 1226 pro
1244 1149 1396 1226 tempore
1416 1139 1514 1208 Tunc
1535 1151 1569 1208 et
1590 1141 1625 1208 in

268 1239 327 1307 illo
347 1263 429 1310 casu
449 1264 589 1329 presens
607 1243 789 1312 infeodatio
809 1247 907 1312 cadet
928 1244 963 1310 in
984 1245 1204 1313 commissum
1223 1256 1257 1314 et
1276 1245 1402 1314 nullius
1420 1246 1549 1316 roboris
1570 1247 1624 1314 uel

269 1344 431 1412 momenti
456 1347 502 1413 Et
526 1345 655 1414 licitum
679 1347 741 1414 erit
768 1347 865 1418 nobis
888 1357 921 1416 et
944 1347 1196 1416 successorihus
1218 1348 1343 1416 nostris
1370 1371 1446 1416 curn
1473 1349 1624 1435 predicta

268 1449 411 1534 piscaria
431 1449 655 1520 intromittere
676 1455 719 1520 ad
737 1455 879 1520 eandem
900 1475 1111 1522 reassumere
1132 1463 1165 1521 et
1187 1475 1288 1540 super
1307 1457 1425 1522 eadem
1446 1453 1624 1541 disponere

267 1555 310 1622 ad
336 1565 451 1624 nostre
477 1555 610 1625 libitum
637 1555 822 1626 voluntatis
848 1559 976 1644 absque
1000 1558 1120 1644 quauis
1147 1558 1309 1628 citatione
1334 1559 1511 1628 vocatione
1536 1557 1624 1626 Iuris

268 1659 321 1726 uel
344 1660 463 1748 ludicij
486 1661 629 1749 strepitu
649 1664 698 1730 Ac
719 1661 747 1730 si
768 1683 906 1748 presens
930 1661 1111 1732 infeudatio
1132 1684 1304 1748 nunquam
1325 1663 1415 1732 facta
1436 1663 1554 1730 fuisset
1577 1665 1623 1730 Et

268 1785 330 1832 nos
345 1787 425 1833 uero
440 1765 523 1834 dicti
538 1775 676 1836 curatus
691 1775 725 1834 et
741 1766 907 1854 capellani
926 1766 1068 1834 ecclesie
1084 1767 1261 1853 collegiate
1279 1776 1312 1834 et
1331 1765 1535 1854 parochialis
1552 1765 1623 1834 diui

267 1867 389 1938 nicolai
416 1871 457 1940 de
483 1869 641 1940 abirdene
667 1881 700 1938 et
727 1871 833 1940 nostri
859 1893 1073 1940 successores
1102 1881 1209 1940 totam
1241 1881 1274 1940 et
1301 1870 1467 1956 integram
1495 1869 1622 1938 dictam

267 1971 447 2058 piscariam
468 1977 603 2064 dimedij
627 1975 733 2044 rethis
753 1977 795 2044 de
816 1975 849 2064 ly
869 1977 974 2046 lurdis
992 1999 1094 2064 super
1111 1999 1199 2062 aqua
1218 1979 1259 2044 de
1280 1978 1341 2044 dee
1361 1999 1439 2044 cum
1459 1975 1530 2042 suis
1548 1997 1622 2060 pro-

267 2077 364 2146 ficuis
382 2089 415 2148 et
434 2081 652 2168 pertinenciis
671 2081 781 2148 solitis
801 2091 834 2150 et
856 2081 1028 2152 consuetis
1049 2082 1188 2150 liberam
1208 2081 1394 2149 immunem
1413 2089 1446 2148 et
1465 2101 1622 2147 exonera·

266 2191 337 2251 tam
361 2185 404 2256 ab
426 2185 518 2254 omni
541 2187 608 2256 alio
630 2187 763 2258 redditu
785 2197 819 2254 et
842 2209 943 2256 onere
966 2209 1167 2274 quocunque
1189 2189 1327 2274 dempta
1350 2207 1484 2254 summa
1507 2206 1646 2271 supra„

266 2289 392 2376 scripta
410 2291 549 2378 prefatis
567 2294 691 2362 andree
709 2303 743 2362 et
762 2291 899 2360 metilde
918 2314 1035 2362 secum
1053 2292 1088 2360 in
1107 2291 1289 2360 coniuncta
1306 2290 1532 2358 infeodatione
1551 2289 1623 2358 suis

265 2389 445 2462 heredibus
459 2405 493 2463 et
509 2395 692 2483 assignatis
707 2395 888 2464 antedictis
904 2397 945 2464 ln
960 2395 1118 2464 omnibus
1129 2405 1163 2462 et
1179 2417 1238 2482 per
1253 2393 1367 2462 omnia
1378 2394 1485 2462 forma
1497 2392 1623 2480 pariter

265 2503 298 2562 et
321 2499 443 2568 effectu
462 2510 499 2568 vt
522 2499 724 2587 premissum
748 2509 799 2568 est
823 2521 882 2585 per
904 2520 1022 2566 omnes
1045 2509 1154 2566 terras
1177 2508 1210 2565 et
1234 2497 1465 2585 possessiones
1488 2507 1622 2564 nostras

263 2609 382 2670 contra
402 2619 521 2672 omnes
542 2603 702 2672 mortales
722 2601 1008 2671 varentizabimus
1029 2599 1297 2686 acquietabimus
1317 2609 1351 2666 et
1372 2599 1620 2685 imperpetuum

264 2706 482 2776 defendemus
507 2707 664 2778 omnibus
690 2707 767 2776 dolo
793 2717 827 2774 et
853 2707 969 2775 fraude
995 2705 1137 2774 seclusis
1162 2705 1375 2774 INSUPER
1405 2713 1521 2770 tenore
1548 2725 1621 2790 pre·

264 2811 411 2880 sentium
440 2812 585 2881 iacimus
614 2809 856 2880 constituimus
883 2808 1139 2902 etordinamus
1165 2805 1307 2876 dilectos
1333 2813 1467 2874 nostros
1495 2807 1621 2892 Magis·

263 2927 353 2985 trum
369 2918 543 3006 georgium
560 2917 760 2988 middiltoun
777 2915 934 2984 dauidem
951 2929 1025 2982 mar
1036 2924 1075 2981 et¹
1086 2935 1201 2981 eorum
1215 2911 1397 2997 quemlibet
1413 2910 1621 2979 coniunctim

263 3032 297 3090 et
313 3022 449 3092 diuisim
465 3018 609 3094 balliuos
623 3033 758 3091 nostros
774 3021 808 3087 in
820 3021 884 3088 hac
898 3029 992 3106 parte
1010 3017 1252 3088 lrreuocabiles
1268 3017 1399 3104 Quibus
1415 3015 1621 3103 precipimus

262 3137 296 3196 et
312 3133 515 3200 mandamus
530 3140 697 3218 quatenus
716 3127 865 3196 sasinam
885 3136 918 3193 et
937 3123 1185 3211 possessionem
1205 3123 1443 3190 hereditariam
1457 3121 1568 3190 'totius
1586 3132 1620 3189 et

263 3233 393 3322 integre
412 3235 502 3305 dicte
522 3234 665 3322 piscarie
685 3232 820 3318 dimedij
842 3223 1008 3298 rethis'de
1028 3229 1062 3316 ly
1081 3228 1199 3296 luirdis
1220 3249 1298 3296 cum
1319 3227 1389 3294 suis
1409 3226 1567 3314 proficuis
1586 3237 1620 3294 et

198 3376 202 3389 ·
263 3341 480 3427 pertinenciis
495 3341 633 3429 prefatis
645 3341 768 3408 andree
783 3338 852 3406 bul<
866 3347 900 3404 et
913 3334 1051 3403 metilde
1060 3356 1222 3423 [mengzes
1238 3355 1361 3420 sponse
1377 3355 1437 3400 sue
1453 3354 1568 3400 secum
1585 3332 1619 3398 in

263 3447 444 3516 coniuncta
459 3445 685 3515 infeodatione
700 3455 733 3512 et
750 3464 865 3511 eorum
882 3434 1127 3509 alteridiucius
1139 3434 1266 3524 viu'entj
1284 3448 1317 3506 et
1333 3435 1512 3504 heredibus
1526 3437 1620 3503 Inter

263 3549 354 3638 ipsos
383 3551 534 3640 legitime
564 3548 748 3638 procreatis
778 3569 837 3614 seu
871 3545 1087 3633 procreandis
1117 3544 1238 3629 quibus
1267 3544 1353 3610 sorte
1386 3541 1619 3610 deficientibus

263 3655 384 3726 seniori
406 3658 567 3726 heredum
588 3653 808 3722 feminearum
832 3651 920 3720 inter
939 3651 1075 3717 eosdem
1098 3647 1247 3734 legitime
1270 3655 1443 3733 procreate
1464 3667 1524 3712 seu
1544 3667 1618 3730 pro·

263 3767 405 3834 creande
429 3763 560 3852 Quibus
582 3761 686 3830 etiam
709 3760 794 3827 forte
817 3756 1050 3826 deficientibus
1073 3754 1251 3823 heredibus
1273 3764 1307 3822 et
1331 3751 1514 3838 assignatis
1536 3750 1617 3818 dicti

262 3872 384 3939 andree
399 3869 656 3958 quibuscunque
667 3864 780 3934 suisue
793 3861 894 3931 certis
906 3859 1091 3930 actomatis
1102 3860 1154 3927 vel
1168 3857 1440 3946 procuratoribus
1456 3857 1618 3924 latoribus

261 3973 467 4062 presentium
484 3995 543 4060 per
560 3969 778 4040 donationem
797 3967 902 4036 rethis
920 3966 1020 4034 restis
1038 3975 1071 4032 et
1090 3965 1210 4051 cymbe
1228 3973 1264 4030 vt
1283 3962 1387 4030 moris
1405 3971 1456 4030 est
1475 3961 1619 4029 tradatis

201 4154 203 4162 ¹
261 4088 294 4147 et
310 4077 503 4147 deliberatis
518 4099 579 4154 seu
594 4076 680 4146 alter
694 4083 844 4142 vestrum
860 4073 973 4139 tradat
989 4079 1023 4138 et
1038 4069 1199 4138 deliberet
1217 4067 1299 4137 visis
1317 4066 1529 4152 presentibus
1545 4065 1618 4132 sine

260 4185 422 4253 dilatione
442 4185 628 4253 secundum
649 4190 801 4249 tenorem
822 4189 856 4246 et
878 4177 1034 4244 effectum
1055 4185 1148 4244 carte
1171 4183 1286 4241 nostre
1308 4171 1495 4240 feudifirme
1516 4191 1619 4258 supra

260 4289 386 4358 inserte
397 4291 540 4376 desuper
551 4285 722 4356 concessis
735 4287 781 4352 Et
793 4285 857 4352 hoc
870 4282 963 4351 nullo
972 4282 1073 4350 modo
1085 4278 1252 4348 omittatis
1263 4280 1315 4346 Ad
1325 4278 1415 4363 quod
1425 4275 1616 4346 faciendum

259 4395 355 4464 vobis
375 4404 409 4464 et
427 4404 576 4462 vestrum
596 4389 734 4460 cuilibet
755 4387 962 4464 coniunctim
984 4395 1017 4454 et
1038 4384 1174 4454 diuisim
1195 4382 1331 4452 balliuis
1351 4381 1476 4450 nostris
1497 4381 1531 4447 in
1552 4381 1617 4448 hac

259 4510 355 4587 parte
371 4497 552 4568 antedictis
567 4507 720 4566 nostram
736 4493 923 4586 plenarium
941 4502 974 4560 et
992 4487 1251 4559 Irreuocabilem
1272 4498 1388 4556 tenore
1409 4485 1616 4572 presentium

260 4605 506 4674 committimus
528 4612 732 4690 potestatem
757 4601 797 4666 In
823 4619 965 4684 quorum
990 4595 1141 4663 omnium
1166 4605 1200 4661 et
1227 4592 1435 4678 singulorum
1459 4591 1560 4657 fidem
1584 4603 1616 4656 et
