4490 5990
593 693 657 760 140
988 675 1089 742 Carta
1109 671 1230 738 mini
1251 669 1394 738 willelm
1409 667 1570 758 pbilprone

591 847 717 916 nostris
740 847 775 914 in
796 847 894 916 feodo
917 854 951 914 et
973 843 1161 914 hereditate
1188 847 1443 930 Imperpetuum
1467 863 1545 910 cum
1568 840 1661 910 omni
1685 841 1764 908 Iure
1788 847 1822 909 et
1841 839 1950 908 luris·

591 951 722 1019 clameo
748 954 836 1022 Cum
859 949 982 1018 debitis
1002 947 1212 1035 longitudine
1231 957 1264 1016 et
1283 946 1462 1016 latitudine
1485 967 1545 1033 per
1567 967 1687 1014 omnes
1708 953 1820 1014 rectas
1838 953 1949 1014 metas

592 1076 674 1124 suas
688 1056 847 1143 antiquas
861 1065 896 1124 et
910 1053 1039 1124 diuisas
1062 1055 1325 1123 SOLUENDO
1350 1053 1435 1120 lude
1457 1051 1634 1120 annuatim
1650 1052 1763 1120 dictus
1779 1051 1950 1120 Iohannes

592 1159 733 1228 heredes
748 1159 800 1246 suj
820 1168 854 1228 et
872 1157 1038 1246 assignati
1060 1157 1158 1227 nobis
1179 1168 1215 1226 et
1238 1157 1490 1226 successoribus
1512 1155 1638 1224 nostris
1660 1155 1846 1243 capellanis
1868 1155 1950 1224 dicti

592 1264 687 1331 chori
701 1285 806 1333 vnum
818 1285 970 1334 annuum
981 1264 1150 1334 redditum
1166 1263 1335 1332 sexdecim
1352 1262 1535 1333 solidorum
1550 1263 1679 1332 usualis
1694 1271 1830 1332 monete
1846 1261 1951 1329 scotie

593 1371 636 1438 ad
658 1371 823 1440 terminos
843 1370 988 1440 vsitatos
1010 1381 1044 1440 et
1067 1380 1249 1439 consuetos
1270 1371 1320 1438 Ac
1342 1367 1496 1438 iaciendo
1521 1369 1605 1438 Inde
1631 1389 1790 1456 supremo
1815 1365 1953 1436 domino

459 1553 468 1566 x
593 1483 710 1544 nostro
729 1475 801 1564 regi
824 1475 1000 1546 seruitium
1023 1478 1065 1545 de
1087 1475 1188 1546 dictis
1210 1475 1310 1545 terris
1332 1475 1482 1544 debitum
1505 1483 1539 1542 et
1563 1483 1764 1542 consuetum
1787 1480 1951 1560 quantum

594 1579 740 1665 pertinet
766 1581 810 1650 ad
839 1583 976 1649 easdem
1003 1591 1138 1650 tantum
1165 1605 1225 1669 pro
1251 1581 1318 1649 alio
1344 1579 1483 1651 seruitio
1513 1578 1656 1647 seculari
1683 1577 1858 1646 exactione
1885 1579 1953 1646 Seu

594 1683 763 1753 demanda
779 1707 844 1772 que
858 1685 959 1754 dictis
980 1686 1079 1754 tenis
1095 1709 1173 1754 cum
1196 1684 1414 1774 pertinenciis
1436 1683 1628 1772 aliqualiter
1649 1683 1737 1771 exigi
1755 1683 1879 1771 poterit
1894 1692 1953 1752 eut

595 1788 717 1876 requiri
736 1791 782 1858 Et
798 1811 861 1858 nos
875 1813 954 1860 vero
970 1789 1052 1860 dicti
1068 1801 1205 1860 curatus
1217 1801 1250 1859 et
1267 1791 1433 1878 capellani
1450 1799 1484 1859 et
1497 1811 1710 1860 successores
1724 1787 1830 1856 nostri
1846 1787 1955 1856 Totas

595 1903 629 1962 ct
649 1895 805 1981 Integras
820 1895 930 1965 dictas
945 1907 1090 1984 quatuor
1110 1897 1295 1984 perticatas
1315 1907 1481 1966 terrarum
1497 1919 1575 1966 cum
1591 1893 1809 1984 pertinenciis
1824 1893 1954 1980 prefato

597 1997 741 2086 lobannj
766 2001 946 2072 heredibus
968 2001 1041 2070 suis
1063 2011 1097 2070 et
1119 2001 1303 2090 assignatis
1324 2023 1385 2090 per
1402 2023 1521 2070 omnes
1534 2011 1643 2070 terras
1665 2011 1700 2068 et
1722 1997 1955 2086 possessiones

596 2115 732 2174 nostras
762 2117 880 2177 contra
902 2129 1022 2178 omnes
1045 2111 1206 2178 mortales
1227 2107 1515 2178 varantizabimus
1538 2105 1808 2193 acquietabimus
1833 2113 1867 2172 et
1886 2101 1955 2171 Irn-

595 2220 795 2296 perpetuum
810 2213 1029 2283 defendemus
1051 2214 1208 2282 omnibus
1221 2213 1338 2282 fraude
1358 2223 1393 2281 et
1407 2212 1485 2280 dolo
1501 2211 1643 2280 seclusis
1662 2211 1713 2278 IN
1735 2209 1885 2280 CUIUS
1905 2206 1952 2293 rej

595 2317 830 2386 testimonium
853 2319 1010 2406 Sigillum
1034 2329 1190 2388 nostrum
1216 2341 1397 2388 commune
1419 2339 1565 2387 vuacum
1590 2315 1715 2385 nostris
1739 2311 1955 2399 subscriptio·

596 2421 696 2490 nibus
712 2423 931 2492 Manualibus
945 2424 1090 2492 acetiam
1108 2423 1264 2511 Sigillum
1280 2423 1362 2492 dicti
1379 2423 1543 2492 Iohannis
1558 2441 1633 2489 mar
1646 2417 1753 2488 nostri
1767 2415 1958 2502 laudatoris

597 2525 632 2593 in
647 2527 713 2595 hac
728 2537 824 2613 parte
839 2529 891 2616 suj
907 2551 1094 2598 consensus
1113 2539 1147 2598 et
1163 2529 1294 2618 patricij
1311 2530 1416 2617 leslye
1433 2527 1550 2614 balliuj
1567 2527 1649 2596 dicti
1664 2523 1760 2612 burgi
1776 2533 1810 2592 et
1828 2521 1958 2592 datoris

598 2629 711 2698 casine
737 2632 950 2718 presentibus
972 2643 1053 2702 sunt
1075 2655 1226 2722 appensa
1248 2635 1348 2721 Apud
1374 2635 1519 2700 eundem
1542 2629 1730 2718 penultimo
1752 2627 1806 2696 die
1829 2625 1957 2694 mensis

599 2733 677 2821 Iulij
694 2757 785 2805 anno
799 2738 927 2807 domini
948 2739 1129 2808 millesimo
1147 2737 1418 2826 quingentesimo
1437 2735 1602 2824 vigesimo
1617 2738 1741 2806 Coram
1757 2731 1908 2820 prouidis
1923 2741 1956 2799 et

598 2841 751 2909 honestis
774 2841 855 2911 viris
880 2844 1033 2914 Iohanne
1057 2845 1150 2913 craik
1175 2845 1335 2913 uillelmo
1360 2853 1528 2913 wattsone
1554 2843 1736 2912 alexandro
1761 2840 1958 2909 Wentoune

597 2945 821 3032 burgensibus
846 2948 888 3016 de
914 2949 1073 3018 abirdene
1098 2949 1227 3018 valtero
1254 2949 1378 3035 saffiay
1401 2947 1579 3034 sergiando
1605 2955 1639 3015 et
1665 2943 1829 3032 magistro
1855 2941 1957 3011 dauid

598 3047 796 3118 nicholsone
810 3053 944 3121 notario
959 3053 1094 3139 publico
1110 3077 1150 3121 ac
1167 3053 1278 3122 scriba
1293 3053 1396 3123 Curis
1411 3053 1556 3121 testibus
1570 3061 1624 3120 ete

1198 3333 1364 3400 LXXVI.

697 3467 886 3538 MNIBUS
903 3466 992 3537 hauc
1010 3469 1150 3538 Cartem
1173 3469 1298 3538 visens
1316 3469 1370 3536 vel
1393 3465 1568 3536 Audituris
1591 3463 1762 3534 Dominus
1778 3463 1960 3534 willelmus

738 3569 917 3657 philpsone
946 3573 1144 3658 capellanus
1169 3583 1203 3640 et
1229 3569 1469 3659 stipendiarius
1491 3570 1651 3640 altarium
1677 3568 1767 3640 beati
1795 3567 1960 3638 lobannis
2013 3603 2016 3610 ·

600 3673 748 3762 baptiste
769 3685 804 3744 et
826 3675 931 3745 trium
954 3697 1072 3763 regum
1095 3676 1182 3746 intra
1204 3676 1383 3746 ecclesiam
1406 3675 1635 3764 parochialem
1659 3671 1741 3742 Diui
1761 3671 1896 3758 nicolaij
1916 3673 1961 3740 de

600 3781 761 3850 abirdene
782 3780 985 3851 eituatorum
1008 3793 1043 3850 et
1064 3783 1282 3852 fundatorum
1302 3792 1455 3852 eternam
1470 3781 1507 3850 in
1528 3779 1666 3850 domiuo
1683 3779 1830 3848 salutern
1846 3779 1960 3846 Noue-

600 3883 676 3952 ritis
691 3905 746 3953 me
761 3883 797 3952 in
812 3895 1033 3973 augmentum
1049 3886 1156 3956 diuini
1168 3887 1281 3956 cultus
1292 3895 1326 3956 et
1342 3887 1377 3954 ln
1389 3888 1551 3956 honorem
1563 3885 1763 3954 intemerate
1777 3881 1960 3970 gehen-im

600 3989 654 4058 dei
685 3989 791 4058 marie
820 4001 1003 4078 sanmeque
1028 4013 1118 4062 anne
1144 4001 1298 4062 matrone
1327 3991 1448 4062 manis
1473 3989 1625 4060 eiusdem
1650 3987 1794 4076 gloriose
1819 3985 1963 4073 virgime

601 4095 821 4182 omniumque
847 4097 1022 4167 celestium
1049 4097 1176 4168 ciuium
1204 4099 1346 4167 Necnon
1372 4119 1433 4184 pro
1459 4095 1570 4166 salute
1595 4093 1709 4164 anime
1732 4113 1808 4160 mee
1830 4099 1864 4160 et
1889 4089 1962 4160 ani·

601 4219 735 4268 marum
764 4213 944 4288 parentum
974 4201 1160 4274 amicorum
1192 4205 1409 4274 fundatorum
1446 4213 1481 4270 et
1518 4201 1771 4272 benefactorum
1808 4217 1963 4266 meorum

601 4325 785 4392 eorumque
800 4307 952 4376 omnium
968 4329 989 4376 a
1004 4308 1127 4396 quibus
1141 4309 1256 4395 aliqua
1270 4311 1359 4379 bona
1375 4307 1489 4378 minus
1505 4309 1625 4376 quste
1639 4303 1742 4374 habui
1758 4311 1792 4372 et
1807 4301 1962 4371 omnium

601 4407 752 4478 fidelium
779 4409 1014 4481 detunctorum
1040 4413 1174 4481 dedisse
1200 4413 1409 4482 concessisse
1435 4423 1470 4483 et
1495 4411 1531 4480 in
1556 4431 1677 4500 puram
1702 4418 1736 4478 et
1762 4415 1961 4495 perpetuam

600 4513 824 4582 elemosinam
844 4515 1037 4603 assignasse
1059 4527 1094 4585 et
1113 4518 1179 4586 hae
1199 4527 1355 4604 presente
1375 4527 1470 4586 carta
1491 4538 1569 4585 mea
1590 4515 1810 4586 confirmasse
1825 4510 1965 4580 vicario

601 4630 636 4688 ά
654 4619 840 4706 carellam
862 4623 956 4689 chori
975 4623 1117 4692 messe
1139 4623 1344 4732 pauculos
1364 4623 1536 4693 menete
1557 4631 1592 4692 st
1615 4618 1687 4690 ruis
1706 4615 1966 4686 naamam
