4488 5996
764 663 865 730 Carta
885 660 1038 728 lobannis
1059 661 1144 728 mair
1571 680 1634 744 233

271 848 424 924 tempore
451 837 670 904 celebrabunt
692 855 796 902 vnum
823 833 1092 902 anniuersarium
1119 835 1296 902 annuatim
1322 846 1356 902 et
1381 835 1629 920 imperpetuum

271 943 429 1028 exequias
444 942 678 1010 defunctorum
690 940 845 1008 videlieet
860 940 1003 1025 placebo
1014 949 1047 1006 et
1058 939 1163 1025 dirige
1173 939 1207 1006 in
1220 941 1273 1008 die
1283 940 1414 1008 sabbati
1428 938 1629 1008 immediate

272 1057 351 1114 ante
367 1035 572 1114 dominicam
596 1047 789 1114 Secundum
813 1045 1071 1130 quadragesime
1093 1046 1270 1113 annuatim
1293 1049 1436 1122 durante
1458 1046 1529 1112 vita
1551 1067 1629 1112 mea

272 1154 318 1219 Et
348 1163 425 1238 post
454 1155 631 1220 decessum
662 1173 776 1218 meum
802 1151 838 1216 in
863 1149 918 1218 die
944 1151 1056 1218 obitus
1083 1151 1148 1236 mej
1176 1153 1225 1218 Ac
1253 1151 1393 1218 missam
1418 1153 1459 1218 dc
1486 1159 1567 1218 nota
1592 1149 1627 1216 in

271 1257 439 1324 dominica
453 1258 655 1325 Immediate
670 1265 832 1342 sequente
844 1277 921 1323 cum
938 1255 1052 1322 missis
1067 1255 1296 1342 trigintalibus
1311 1279 1371 1342 per
1381 1255 1645 1324 hebdomadam-

271 1361 457 1448 proximam
484 1361 679 1428 immediate
705 1370 902 1445 sequentem
922 1370 959 1425 vt
986 1360 1089 1426 moris
1113 1369 1164 1428 est
1189 1362 1278 1446 apud
1304 1361 1411 1428 altare
1433 1360 1627 1428 beatissime

269 1465 409 1551 virginis
431 1466 537 1534 man'e
559 1467 644 1533 inira
667 1466 846 1534 ecclesiam
870 1465 1113 1551 parrochialem
1137 1466 1205 1552 diuj
1234 1465 1392 1552 nicholaij
1421 1468 1462 1533 de
1489 1465 1627 1534 abirden

253 1571 447 1670 ,fundatum
478 1593 539 1656 pro
564 1573 675 1640 salute
700 1571 813 1638 anime
838 1593 912 1638 mee
942 1581 976 1638 et
1005 1571 1195 1640 animarum
1222 1573 1373 1640 omnium
1399 1571 1627 1657 predictarum

271 1679 415 1762 Insuper
436 1677 596 1744 collector
617 1677 783 1744 dictorum
807 1677 1059 1762 capellanorum
1075 1677 1132 1762 qui
1155 1699 1215 1762 pro
1231 1687 1383 1762 tempore
1402 1677 1501 1744 fuerit
1517 1677 1628 1744 dictos

269 1803 401 1850 annuos
426 1784 577 1852 redditus
593 1783 779 1850 annuatim
805 1793 839 1850 et
863 1781 1071 1850 terminatim
1101 1791 1137 1848 vt
1165 1781 1375 1866 premittitur
1400 1781 1561 1868 percipiet
1591 1790 1625 1850 et

268 1889 445 1956 distribuet
467 1899 503 1956 vt
526 1889 677 1973 sequitur
698 1887 854 1956 videlicet
876 1887 1012 1972 preconi
1035 1907 1113 1954 cum
1137 1907 1307 1972 campana
1331 1885 1481 1954 manuali
1504 1887 1547 1954 sd
1563 1885 1625 1954 cir-

270 1995 498 2060 cumeundum
508 1993 641 2060 'dictum
653 1991 815 2077 oppidum
831 2000 930 2058 nocte
946 1991 1162 2076 exequiarum
1174 1993 1217 2058 ad
1231 1991 1450 2058 Inuitandum
1464 1991 1624 2076 populum
1715 2051 1719 2056 .

268 2099 312 2166 ad
334 2099 582 2184 deprecandum
605 2119 665 2182 pro
692 2097 802 2164 salute
825 2097 1015 2164 animarum
1038 2096 1264 2182 predictarum
1288 2098 1373 2164 duos
1394 2096 1551 2164 denarios
1577 2097 1624 2164 Et

269 2203 411 2268 sacriste
427 2224 486 2288 pro
501 2203 692 2288 pulsatione
716 2203 970 2285 campanarum
985 2201 1074 2268 dicte
1097 2200 1238 2268 ecclesie
1253 2199 1342 2268 trina
1364 2199 1437 2268 vice
1452 2203 1495 2268 ad
1510 2199 1625 2268 huius·

270 2307 359 2374 modi
375 2308 534 2392 exequias
549 2308 583 2374 in
599 2307 653 2374 die
669 2307 801 2374 sabbati
818 2306 937 2390 prelati
954 2308 1000 2372 Et
1017 2306 1172 2372 similiter
1186 2305 1221 2371 in
1237 2305 1406 2374 dominica
1423 2305 1625 2374 Immediate

270 2423 431 2498 sequente
447 2415 489 2480 ad
502 2413 642 2480 missam
659 2412 912 2497 quatuordecim
928 2413 1085 2479 denarios
1099 2413 1147 2477 Et
1164 2411 1319 2478 similiter
1340 2411 1490 2496 prefatus
1505 2411 1624 2478 collec-

268 2529 322 2584 tor
344 2537 405 2604 pro
426 2529 578 2604 tempore
600 2518 752 2585 tabulam
775 2518 956 2584 honestam
979 2539 1081 2602 super
1103 2526 1370 2584 monumentum
1384 2537 1498 2582 meum
1521 2525 1624 2600 ponet

271 2625 316 2689 Et
341 2623 430 2690 idern
457 2624 560 2708 pallio
587 2623 658 2689 siue
685 2622 895 2707 coopertorio
921 2621 1054 2688 decenti
1078 2620 1245 2705 cooperiet
1268 2629 1302 2686 ct
1325 2619 1505 2687 luminaria
1527 2641 1625 2688 cerea

268 2729 417 2796 inueniet
444 2730 585 2796 honeste
614 2738 650 2794 vt
679 2730 776 2794 decet
806 2747 867 2811 pro
893 2725 1015 2811 quibus
1044 2727 1115 2794 sibi¹
1137 2728 1222 2793 duos
1248 2725 1374 2792 solidos
1399 2725 1550 2810 captabit
1577 2725 1623 2792 Et

269 2825 445 2902 annuatim
472 2833 584 2901 indie
609 2833 825 2918 exequiarum
852 2843 996 2917 quatuor
1017 2831 1143 2900 solidos
1168 2831 1372 2916 pauperibus
1398 2831 1506 2915 magis
1532 2830 1624 2898 inde·

268 2940 426 3026 gentibus
462 2940 630 3025 errogabit
668 2941 724 3004 Et'
744 2937 910 3022 reliquum
944 2937 1136 3004 huiusmodi
1170 2935 1440 3004 anniuersarium
1469 2935 1625 3002 videlicet

268 3045 387 3130 viginti
417 3045 544 3112 solidos
573 3055 606 3112 et
636 3055 714 3111 octo
743 3043 900 3110 denarios
928 3043 1030 3110 dictis
1059 3042 1245 3128 capellanis
1281 3041 1316 3108 in
1346 3041 1400 3107 die
1429 3039 1623 3107 huiusmodi

268 3151 483 3234 exequiarum
499 3171 560 3236 pro
575 3149 749 3235 premissis
764 3145 959 3234 prescriptis
981 3150 1024 3215 ad
1040 3169 1163 3216 manus
1177 3147 1355 3216 distribuet
1377 3156 1411 3213 et
1426 3145 1623 3214 deliberabit
1742 3237 1744 3242 η

269 3255 315 3320 Et
342 3255 404 3322 hec
430 3255 545 3322 omnia
570 3276 591 3321 a
617 3253 717 3322 dictis
741 3253 925 3339 capellanis
951 3263 985 3319 et
1012 3253 1190 3320 collectore
1215 3263 1250 3320 et
1277 3252 1348 3318 suis
1372 3251 1623 3319 successoribus

268 3359 445 3426 annuatim
461 3369 495 3426 et
509 3359 756 3445 imperpetuum
772 3355 1013 3424 inuiolabiliter
1026 3355 1295 3425 obseruabuntur
1305 3366 1342 3422 vt
1357 3377 1472 3423 coram
1488 3375 1622 3422 summo

269 3463 385 3530 Iudice
399 3461 435 3528 in
450 3463 504 3528 die
519 3463 658 3547 extremj
676 3461 788 3546 iudicij
806 3463 1008 3545 respondere
1022 3461 1188 3528 voluerint
1204 3461 1355 3528 Tantum
1371 3481 1431 3545 pro
1446 3459 1538 3528 omni
1554 3459 1622 3526 alio

268 3566 406 3634 seruitio
424 3567 567 3652 secularj
590 3566 764 3634 exactione
787 3566 855 3632 Seu
877 3567 1045 3632 demanda
1061 3587 1125 3650 que
1140 3567 1181 3632 de
1197 3565 1356 3650 predictis
1371 3563 1493 3632 enutris
1514 3563 1622 3630 reddi·

267 3670 358 3738 tibus
374 3692 450 3737 cum
474 3669 690 3757 pertinenciis
706 3669 897 3754 aliqualiter
911 3669 1006 3753 exegi
1022 3668 1168 3753 poterint
1185 3671 1244 3734 aut
1257 3667 1382 3753 requiri
1402 3669 1449 3734 Et
1464 3687 1528 3752 ego
1542 3687 1622 3734 veno

267 3775 378 3842 dictus
395 3775 565 3842 lohannes
580 3775 667 3842 mair
681 3775 821 3840 heredes
844 3775 908 3859 mej
926 3783 960 3840 et
976 3773 1141 3858 assignati
1156 3793 1275 3840 omnes
1284 3783 1323 3839 et
1347 3772 1498 3857 singulos
1513 3771 1622 3838 dictos

267 3901 398 3948 annuos
413 3881 564 3948 redditus
586 3879 834 3965 suprascriptos
849 3899 926 3944 curn
942 3878 1159 3963 pertinenciis
1179 3875 1279 3944 dictis
1295 3876 1480 3962 capellanis
1500 3885 1533 3942 et
1549 3875 1621 3942 suis

267 3986 518 4053 successoribus
544 3984 728 4071 capellanis
753 3984 835 4051 dicti
862 3984 955 4050 chori
981 3986 1022 4050 In
1047 3971 1205 4052 omnibus
1229 3992 1262 4050 et
1290 4003 1349 4068 per
1371 3981 1487 4048 omnia
1511 3981 1619 4048 forma

266 4089 393 4177 pariter
413 4099 447 4156 et
470 4091 591 4156 effectu
612 4099 649 4155 vt
675 4079 876 4174 premissum
900 4097 952 4154 est
975 4107 1035 4172 per
1055 4107 1174 4154 omnes
1199 4096 1309 4154 terras
1332 4095 1366 4152 et
1389 4084 1621 4170 possessiones

266 4205 401 4260 nostras
416 4203 534 4259 contra
549 4212 667 4259 omnes
682 4191 844 4258 mortales
858 4191 1145 4259 varantiaabimus
1159 4189 1427 4275 acquietabimus
1442 4198 1476 4256 ct
1493 4191 1620 4274 Imper-

266 4307 406 4386 petuum
436 4299 654 4365 defendemus
683 4296 840 4362 omnibus
872 4297 991 4363 fraude
1020 4306 1054 4364 et
1084 4297 1161 4364 dolo
1193 4295 1335 4362 seclusis
1366 4295 1406 4361 In
1437 4293 1543 4364 Cuius
1571 4292 1619 4377 rej

266 4402 515 4469 Testimonium
549 4401 697 4487 sigillum
732 4421 845 4466 meum
879 4400 1050 4485 proprium
1083 4419 1230 4467 vnacum
1266 4419 1343 4468 mea
1376 4395 1622 4482 subscriptione

266 4509 417 4594 manualj
449 4509 590 4574 Necnon
621 4507 769 4591 sigillum
800 4506 1006 4572 honorabilis
1033 4507 1096 4572 viri
1128 4503 1273 4572 Dauidis
1302 4505 1491 4572 andsrsoun
1520 4501 1621 4568 vuius

266 4610 465 4678 balliuorum
481 4611 563 4678 dicti
586 4609 738 4708 burgiae
761 4609 889 4674 datoris
904 4608 1015 4674 sasine
1039 4608 1231 4674 huiusmodi
1254 4617 1334 4673 sunt
1350 4625 1500 4692 appensa
1520 4605 1620 4690 Apud

912 4713 959 4762 ou
