4460 5984
619 667 680 736 162
881 666 1036 736 Dimissio
1059 667 1220 736 ommis·
1234 672 1293 755 per
1315 667 1469 736 Caranon
1490 675 1519 736 ct
1540 668 1711 756 capellanos

615 843 781 912 aberdene
802 851 835 910 et
854 863 970 910 eorum
994 841 1246 910 successoribus
1268 841 1453 928 capellanis
1475 841 1556 910 dicti
1579 841 1672 910 chori
1694 863 1798 910 vnum
1823 865 1974 912 annuum

613 948 782 1017 redditum
797 947 917 1035 viginti
933 947 1115 1015 solidorum
1139 947 1267 1032 prefate
1290 955 1425 1013 monete
1448 945 1553 1014 scotie
1569 945 1746 1014 annuatim
1763 969 1823 1034 per
1837 949 1975 1034 equales

612 1058 698 1124 duas
728 1054 858 1122 medias
883 1053 1055 1140 portiones
1080 1055 1123 1121 ad
1150 1055 1235 1120 duos
1256 1053 1427 1120 terminos
1446 1051 1600 1140 superius
1622 1053 1835 1139 specificatos
1861 1053 1975 1122 Saluis

611 1161 716 1230 etiam
751 1181 907 1244 supreme
937 1159 1072 1226 domine
1101 1167 1216 1225 nostre
1245 1158 1359 1243 regine
1395 1167 1428 1224 et
1459 1157 1529 1226 suis
1559 1159 1810 1228 successoribus
1839 1159 1975 1246 regibus

614 1265 687 1334 siue
714 1265 839 1352 reginis
863 1263 968 1331 scbtie
994 1263 1122 1332 iuribus
1148 1273 1181 1329 et
1209 1262 1362 1348 seruicijs
1385 1263 1474 1330 dicte
1496 1273 1583 1331 terre
1606 1273 1686 1332 ante
1709 1265 1837 1351 prefate
1860 1265 1975 1332 dimis-

615 1371 745 1438 sionem
758 1371 804 1436 Et
817 1368 1038 1436 donacionem
1063 1417 1071 1434 .
1097 1416 1106 1434 .
1131 1417 1139 1434 .
1164 1369 1209 1434 Et
1226 1367 1400 1433 consuetis
1410 1367 1561 1434 Tantum
1573 1389 1634 1454 pro
1646 1369 1738 1455 omnj
1752 1369 1819 1436 alio
1831 1369 1974 1438 santicio

615 1473 757 1560 secularj
787 1473 962 1540 exactione
989 1494 1048 1539 seu
1080 1520 1088 1538 .
1121 1520 1130 1538 .
1162 1519 1170 1537 .
1200 1493 1266 1557 que
1292 1473 1334 1538 de
1360 1471 1512 1556 predicta
1537 1481 1731 1570 terrarum
1757 1473 1975 1560 pertinenciis

614 1579 807 1666 aliqualiter
821 1579 916 1664 exegi
940 1628 949 1644 .
974 1627 983 1646 .
1007 1627 1016 1645 .
1040 1579 1110 1646 rius
1125 1578 1154 1643 si
1170 1577 1349 1663 contigerit
1366 1579 1494 1644 dictum
1510 1579 1718 1646 Vilhelmum
1743 1629 1751 1647 .
1777 1629 1785 1646 .
1810 1629 1818 1647 .
1842 1580 1976 1648 lucione

614 1685 840 1772 superscripte
863 1706 996 1752 summe
1020 1734 1028 1752 .
1053 1733 1061 1752 .
1086 1733 1096 1750 .
1119 1683 1205 1750 meis
1220 1694 1254 1750 et
1270 1683 1453 1770 assignatis
1476 1686 1544 1752 Seu
1569 1733 1577 1752 .
1602 1735 1610 1752 .
1636 1733 1644 1753 .
1669 1687 1715 1752 Et
1738 1687 1898 1754 fratribus
1913 1697 1973 1754 aut

616 1842 624 1861 .
650 1841 658 1858 .
684 1841 693 1859 .
716 1791 817 1858 simul
841 1800 874 1858 et
898 1791 1056 1858 continue
1081 1839 1089 1857 .
1114 1839 1123 1857 .
1148 1839 1156 1856 .
1181 1789 1519 1875 annuatimlegitime
1609 1839 1617 1857 .
1642 1792 1683 1858 de
1698 1789 1770 1858 iure
1781 1791 1975 1860 huiusmodi

616 1947 625 1966 .
648 1947 656 1965 .
679 1947 688 1965 .
709 1919 813 1966 causa
828 1895 1021 1964 huiusmodi
1044 1945 1052 1962 .
1075 1943 1083 1962 .
1106 1945 1114 1962 .
1136 1894 1288 1980 personis
1303 1895 1345 1962 de
1360 1893 1553 1962 huiusmodi
1575 1943 1584 1962 .
1606 1944 1615 1962 .
1638 1945 1646 1962 .
1668 1895 1822 1982 expedire
1839 1897 1885 1962 Et
1906 1946 1914 1962 .
1935 1945 1974 1964 ..

616 2005 789 2090 Integram
802 2002 928 2070 dictam
940 2011 1065 2068 terram
1087 2049 1096 2067 .
1116 2049 1125 2066 .
1148 2049 1157 2066 .
1178 1999 1334 2066 omnibus
1347 2001 1393 2066 Et
1406 2021 1465 2084 per
1486 2047 1494 2066 .
1520 2047 1528 2066 .
1553 2047 1562 2066 .
1583 2009 1690 2068 terras
1700 2009 1733 2066 et
1744 1999 1976 2086 possessiones

616 2158 625 2176 .
650 2157 659 2176 .
683 2158 692 2176 .
718 2109 764 2176 Et
787 2107 1035 2194 imperpetuum
1060 2155 1069 2172 .
1094 2155 1102 2172 .
1127 2155 1135 2173 .
1156 2105 1390 2173 testimonium
1408 2105 1564 2191 Sigillum
1590 2155 1598 2172 .
1623 2155 1631 2172 .
1657 2155 1665 2172 .
1689 2105 1897 2174 honorabilis
1911 2106 1974 2174 viri

615 2215 722 2302 gilbcr
744 2265 753 2281 .
778 2263 786 2281 .
811 2263 819 2280 .
844 2213 956 2281 sasine
972 2211 1164 2280 huiusmodi
1187 2211 1400 2297 presentibus
1424 2260 1432 2278 .
1457 2261 1466 2277 .
1491 2260 1500 2278 .
1523 2213 1623 2278 Anno
1645 2211 1772 2279 domini
1795 2211 1976 2281 millesimo

616 2319 780 2406 quingent
809 2369 816 2384 .
848 2367 857 2384 .
889 2367 898 2384 .
929 2319 1052 2385 Coram
1084 2365 1093 2383 .
1125 2365 1134 2382 .
1162 2365 1170 2381 .
1197 2315 1373 2400 capellano
1395 2315 1558 2401 magistro
1582 2317 1735 2384 Iohanne
1761 2317 1863 2386 maist
1892 2367 1901 2384 .
1929 2367 1938 2385 .
1966 2367 1975 2385 .

620 2425 751 2512 Kyntor
775 2473 783 2489 .
808 2473 816 2490 .
841 2472 850 2490 .
873 2422 981 2491 tribus
1015 2419 1268 2508 sergiandorum
1306 2419 1386 2506 dictj
1425 2421 1520 2506 burgj
1559 2429 1594 2487 et
1630 2421 1793 2507 magistro
1824 2421 1977 2490 Iohanne

618 2527 819 2596 nicholsoun

837 2679 912 2747 Hec
927 2687 979 2746 est
993 2697 1072 2746 vera
1088 2675 1185 2764 copia
1200 2675 1395 2764 principalis
1411 2697 1468 2745 car
1490 2726 1496 2742 .
1521 2727 1530 2744 .
1555 2725 1563 2744 .
1587 2677 1757 2746 lacionata
1772 2700 1832 2766 per
1846 2701 1901 2748 me

945 2784 1114 2854 notarium
1131 2783 1304 2872 publicum
1328 2832 1336 2850 .
1362 2832 1370 2850 .
1395 2831 1403 2850 .

836 2895 890 2962 Ita
905 2901 957 2960 est
971 2891 1135 2978 magister
1151 2893 1167 2958 1
1192 2939 1202 2958 .
1226 2939 1236 2958 .
1260 2939 1269 2958 .
1292 2889 1444 2956 notarius
1459 2889 1646 2976 publicus*

1195 3205 1410 3274 LXXXVII.
1968 3141 1972 3194 i

704 3297 892 3418 MNiBUS
911 3349 1000 3414 hanc
1018 3355 1147 3414 cartam
1165 3343 1288 3411 visuris
1306 3344 1361 3410 uel
1384 3343 1559 3412 Audituris
1582 3345 1730 3412 Curatus
1751 3354 1785 3411 et
1809 3345 1976 3433 capellani

746 3455 849 3524 Chori
877 3452 1031 3521 Ecclesie
1056 3451 1126 3520 diui
1152 3449 1310 3534 nicholaij
1339 3451 1381 3516 de
1407 3449 1574 3518 Abirdene
1599 3449 1754 3518 Salutem
1780 3449 1815 3516 in
1842 3450 1979 3518 domino

623 3560 871 3648 Sempitemam
888 3555 1062 3624 Noucritis
1076 3577 1140 3622 nos
1154 3577 1299 3622 vnacum
1316 3557 1494 3624 Consensu
1509 3564 1543 3622 et
1558 3577 1701 3622 assensu
1715 3556 1759 3622 ad
1776 3555 1839 3624 hoc
1855 3556 1979 3624 citatos

621 3677 655 3736 et
678 3667 713 3732 in
733 3663 882 3749 capitulo
904 3670 1019 3728 nostre
1042 3657 1182 3728 ecclesie
1205 3658 1437 3745 capitulariter
1457 3669 1679 3744 congregatos
1693 3658 1840 3726 utilitate
1863 3671 1979 3730 nostra

620 3771 769 3857 dictique
783 3767 923 3854 capituli
945 3765 1052 3834 nostri
1071 3773 1104 3832 et
1124 3785 1357 3832 successorum
1373 3773 1564 3832 nostrorum
1583 3763 1618 3830 in
1641 3763 1706 3832 hac
1721 3773 1817 3849 parte
1831 3765 1978 3851 undique

620 3875 754 3963 preuisa
791 3883 825 3940 et
862 3872 1040 3957 diligenter
1069 3869 1282 3936 considerata
1312 3879 1446 3936 matura
1476 3891 1540 3954 que
1570 3867 1764 3937 anisacione
1801 3870 1978 3956 prehabits

621 3983 762 4047 Necnon
790 3999 831 4044 ex
856 3976 933 4064 alijs
955 3975 1066 4044 Certis
1092 3974 1206 4040 causis
1233 3973 1511 4042 Racionabilibus
1532 3974 1664 4040 animos
1687 3983 1821 4042 nostros
1844 3977 1888 4042 ad
1914 3975 1979 4043 hoc

620 4081 836 4152 mouentibus
861 4081 1005 4150 Dedisse
1027 4079 1236 4148 concessisse
1259 4081 1305 4148 Et
1328 4082 1371 4148 ad
1393 4079 1615 4146 leodifirmam
1640 4079 1827 4147 dimississe
1847 4101 1980 4150 necnon

619 4191 713 4278 ipsas
746 4189 967 4257 donacionem
998 4185 1251 4256 concessionem
1283 4195 1316 4252 et
1348 4185 1580 4252 dimissionem
1611 4185 1675 4252 hac
1706 4185 1854 4270 presenti
1884 4197 1980 4254 carta

619 4305 736 4364 nostra
756 4295 984 4366 confirmasse
997 4291 1199 4361 Honorabili
1213 4291 1284 4360 viro
1296 4291 1486 4359 Alexandro
1500 4291 1688 4378 Ruyerlurd
1703 4291 1759 4377 vnj
1778 4291 1979 4374 balliuorum

620 4402 717 4488 burgi
733 4403 774 4468 de
794 4400 951 4470 abirdene
966 4399 1093 4466 Totum
1109 4409 1143 4466 et
1158 4398 1327 4484 integrum
1340 4397 1423 4465 illud
1435 4407 1668 4464 tenementum
1683 4405 1809 4466 terram
1824 4397 1981 4466 videlicet

621 4507 823 4576 anteriorem
852 4505 1045 4574 interiorem
1072 4515 1184 4572 ortum
1214 4515 1247 4572 et
1280 4504 1436 4572 horreum
1466 4503 1617 4572 eiusdem
1648 4505 1735 4572 Cum
1765 4503 1982 4589 pertinenciis

1083 4645 1098 4672 ⁴
1112 4646 1171 4697 Hoc
1182 4645 1272 4697 lolium
1283 4645 1359 4697 valde
1370 4643 1520 4696 laceratum.
