4488 5996
449 709 551 778 Carta
565 711 748 798 seudifirme
770 713 884 780 andree
906 711 983 780 burk
1005 715 1042 780 dc
1058 713 1200 801 piscaria
1222 713 1258 780 de
1280 714 1311 799 ly
1327 713 1435 800 ferclis
1569 730 1632 797 273

262 883 372 956 Alteri
398 883 489 952 beati
513 883 673 972 nicholaij
697 907 801 954 vnum
830 887 1003 974 corporale
1029 909 1107 955 cum
1135 887 1368 974 choopertorio
1395 887 1489 956 rubie
1515 887 1632 956 Cerice

261 1007 367 1054 vnum
383 987 415 1053 le
432 988 601 1073 paxbrede
616 1010 657 1056 ac
673 991 740 1058 duo
756 992 971 1077 manutergia
986 1001 1020 1060 et
1036 1014 1138 1060 vnam
1155 993 1305 1078 phiolam
1322 1013 1400 1059 curn
1416 1013 1483 1058 vno
1499 991 1632 1059 lanacio

261 1089 371 1157 Altari
402 1091 600 1160 monasterii
631 1093 674 1161 de
707 1093 778 1160 deir
806 1115 911 1160 vnum
950 1095 1124 1180 corporale
1154 1117 1232 1162 eum
1263 1094 1498 1182 choopertorio
1526 1117 1631 1162 vnum

262 1195 436 1280 corporale
453 1195 582 1281 capelle
597 1199 640 1264 de
655 1199 846 1284 gareauche
861 1221 966 1267 vnum
986 1199 1159 1286 corporale
1183 1201 1309 1268 Sancte
1326 1199 1430 1267 marie
1446 1199 1575 1285 capelle
1590 1201 1632 1268 de

258 1301 413 1388 Sydgate
442 1323 548 1371 vnum
576 1305 758 1390 Corporale
787 1305 949 1374 fratribus
975 1307 1224 1392 predicatorum
1255 1309 1296 1374 de
1323 1307 1497 1374 Aberdene
1527 1327 1630 1372 vnum
1725 1307 1728 1317 “

260 1410 438 1496 corporale
461 1465 464 1470 .
486 1409 646 1478 fratribus
695 1413 950 1480 carmelitarum
1001 1414 1042 1479 de
1084 1412 1251 1480 Abirdene
1299 1433 1404 1478 vnum
1457 1411 1631 1497 corporale

257 1519 340 1582 curn
371 1514 606 1602 chooperterio
643 1517 760 1585 calicis
795 1528 829 1586 et
863 1517 1076 1604 manutergio
1112 1517 1210 1586 altari
1243 1517 1466 1586 Sanctissime
1491 1515 1631 1602 virginis

258 1619 369 1688 marie
394 1621 437 1688 de
467 1621 636 1690 Abirdene
672 1645 778 1691 vnum
809 1625 982 1710 corporale
1020 1623 1119 1692 altari
1150 1623 1268 1692 Sancti
1301 1623 1416 1692 Iacobi
1446 1621 1481 1688 in
1511 1625 1630 1690 eadem

259 1728 366 1790 vnur'n
397 1725 571 1812 corporale
602 1727 701 1796 altari
733 1730 860 1796 Sancte
890 1729 1010 1798 Crucis
1040 1730 1072 1796 le
1102 1730 1228 1797 broune
1259 1751 1377 1816 croyce
1407 1750 1512 1796 vnum
1550 1731 1630 1798 Cor·

259 1831 376 1916 porale
397 1831 506 1900 ¹altari
537 1833 664 1902 Sancte
694 1835 871 1904 katherine
899 1857 1004 1903 vnum
1036 1835 1200 1922 corporali
1230 1833 1330 1902 altari
1361 1833 1479 1902 Sancti
1510 1834 1631 1902 Sebas-

258 1932 344 2020 tianj
370 1955 449 2002 cum
476 1936 711 2023 choopertorio
738 1939 855 2006 calicis
878 1940 921 2006 ad
945 1939 1052 2006 altare
1076 1937 1193 2006 Sancti
1222 1937 1386 2006 Iohannis
1413 1935 1631 2022 ewangeliste

261 2037 349 2104 item
366 2037 502 2123 reliquit
518 2039 659 2107 calicem
673 2051 871 2126 argenteum
885 2043 1086 2110 deauratum
1103 2042 1138 2108 in
1154 2041 1309 2109 custodia
1321 2039 1449 2108 domini
1467 2040 1631 2107 Iohannis

260 2141 422 2210 Strachin
438 2165 516 2210 cum
533 2165 640 2230 paruo
663 2145 778 2214 libello
794 2147 902 2214 Crede
925 2147 1029 2213 michi
1044 2157 1167 2214 vocato
1181 2167 1286 2213 vnum
1306 2145 1480 2232 corporale
1495 2153 1530 2212 et
1545 2145 1631 2212 duas

260 2245 395 2333 phiolas
411 2247 511 2335 altari
529 2250 619 2318 beati
636 2249 753 2318 thome
769 2251 914 2337 apostolj
932 2253 973 2318 de
989 2250 1129 2318 abirden

334 2457 398 2525 -Ye
414 2457 593 2546 chaplanis
605 2461 642 2528 ol
653 2483 695 2548 ye
707 2462 837 2548 college
852 2462 889 2527 of
900 2460 1059 2528 abirdene
1074 2461 1115 2526 In
1127 2479 1289 2545 presence
1300 2459 1337 2524 ol
1349 2465 1477 2524 master
1492 2457 1627 2522 duncan

260 2561 407 2630 Scherar
418 2563 621 2632 commissar
633 2576 669 2633 to
681 2589 739 2653 my
748 2567 821 2634 lord
834 2557 870 2634 of
882 2567 1050 2634 aberdene
1061 2565 1189 2652 grantit
1200 2564 1301 2631 zerlie
1313 2573 1350 2630 to
1362 2561 1453 2630 schir
1464 2560 1627 2629 Willeam
1639 2622 1645 2628 ,,

258 2665 593 2735 crulrschankvsfor
604 2669 659 2736 his
671 2672 759 2756 gude
776 2669 1029 2738 ministratioun
1041 2671 1109 2738 and
1122 2668 1251 2736 seruire
1263 2667 1298 2734 in
1310 2666 1422 2735 breide
1435 2667 1502 2732 and
1514 2665 1628 2750 Wyne

258 2777 295 2835 to
311 2769 353 2837 be
368 2769 508 2838 schevin
525 2781 561 2838 to
576 2795 655 2858 yam

850 3107 1046 3176 CXXXIV.

352 3241 543 3310 MNIBUS
563 3240 653 3310 hanc
677 3251 807 3310 cartam
831 3241 955 3310 visuris
973 3241 1027 3308 vel
1050 3239 1217 3308 audituris
1240 3249 1379 3308 curatus
1401 3248 1435 3306 et
1458 3235 1624 3324 capellanj
1650 3250 1775 3308 rot.11o²

394 3345 488 3414 chon'
514 3346 658 3414 ecclesie
688 3347 866 3434 collegiate
892 3347 983 3416 beati
1010 3347 1133 3434 nicolaj
1162 3349 1204 3414 de
1231 3345 1389 3414 abirdene
1415 3353 1567 3411 eternam
1591 3341 1626 3408 in
1650 3385 1819 3438 certaretur

256 3449 395 3516 domino
410 3450 556 3518 salutem
574 3451 749 3518 Noueritis
767 3474 830 3519 nos
845 3451 996 3518 vnanimi
1017 3473 1186 3518 consensu
1201 3461 1235 3518 et
1251 3471 1393 3518 assensu
1410 3450 1452 3515 ad
1468 3447 1625 3514 ellectum
1649 3451 1721 3504 firme
1734 3453 1828 3504 andree

256 3551 510 3639 infrascriptum
532 3553 765 3642 capitulariter
787 3565 1011 3642 congregatos
1026 3555 1173 3622 utilitate
1194 3565 1311 3622 nostra
1334 3563 1367 3620 et
1388 3571 1624 3621 successorum
1648 3517 1820 3650 garmi*
1883 3566 1885 3569 ’

256 3668 449 3726 nostrorum
464 3659 506 3725 In
518 3660 583 3728 hac
596 3669 692 3746 parte
703 3659 850 3745 undique
866 3660 1001 3746 preuisa
1017 3668 1160 3745 pensata
1172 3669 1205 3726 et
1218 3658 1398 3744 diligenter
1413 3653 1626 3723 considerata
1648 3649 1729 3701 surde

257 3761 299 3827 In
330 3760 524 3828 euidentem
562 3761 703 3830 rentalis
741 3761 847 3829 nostri
886 3763 1200 3848 augmentationem
1240 3763 1313 3828 Nec
1343 3781 1411 3826 non
1441 3779 1502 3844 pro
1532 3767 1625 3826 certa

256 3863 399 3951 pecunie
420 3885 556 3932 summa
578 3865 677 3932 nobis
700 3887 760 3952 per
782 3865 1008 3951 prouidum
976 3887 1086 3931 vrrum
1103 3867 1264 3932 andream
1280 3863 1349 3930 buk
1364 3864 1567 3947 burgensem
1584 3862 1672 3927 de·
1647 3889 1773 3970 vigesimo

256 3966 441 4034 abirdene
431 3989 466 4033 rn
482 3967 628 4054 pecunia
650 3977 830 4036 numerata
852 3967 934 4034 Ac
925 3990 960 4034 m
983 3990 1064 4036 usus
1087 3977 1223 4034 nostros
1238 3965 1350 4034 licitos
1365 3974 1399 4032 et
1414 3963 1624 4031 necessarios
1647 3971 1730 4022 9¹¹¹¹¹⁰
1762 3957 1847 4025 martrj

257 4071 298 4138 In
314 4079 432 4137 nostra
448 4070 653 4138 necessitate
668 4071 821 4138 totaliter
839 4093 1004 4138 conuersa
1027 4080 1061 4137 et
1085 4070 1256 4156 applicata
1279 4068 1429 4154 plenarie
1445 4077 1479 4134 et
1494 4066 1624 4151 integre
1646 4036 1791 4140 diiiuinnin

254 4173 429 4262 persoluta
445 4175 623 4242 assedasse
635 4177 835 4242 arrendasse
851 4174 982 4241 locasse
998 4183 1032 4240 et
1048 4176 1091 4240 ad
1105 4173 1332 4240 feudifirmam
1349 4191 1408 4237 seu
1424 4191 1526 4256 perpe
1528 4179 1623 4235 tuam
1646 4153 1822 4287 ffiffi

254 4275 494 4365 emphiteosim
521 4277 726 4345 hereditarie
752 4275 923 4344 dimisisse
951 4277 997 4342 Et
1024 4275 1089 4343 hac
1116 4275 1265 4361 presenti
1288 4284 1383 4342 carta
1406 4282 1522 4340 nostra
1545 4291 1623 4338 con·
1646 4285 1788 4338 robertum

254 4381 390 4448 firmare
415 4381 546 4466 prefato
571 4383 695 4450 andree
718 4381 787 4448 buk
811 4390 844 4447 et
873 4379 1011 4447 metilde
1035 4401 1194 4465 mengzes
1218 4399 1341 4464 sponse
1365 4399 1425 4444 sue
1448 4397 1564 4444 secum
1587 4374 1622 4440 in
1646 4366 1692 4468 ἓξ
1687 4367 1791 4471 {m

255 4483 438 4552 coniuncta
468 4483 696 4551 infeodatione
727 4493 760 4550 et
792 4505 908 4550 eorum
940 4483 1036 4568 alterj
1066 4481 1194 4549 diutius
1223 4481 1352 4548 viuenti
1382 4489 1416 4547 et
1443 4477 1622 4545 heredibus
1764 4483 1849 4536 scriba

254 4587 417 4655 masculis
441 4587 536 4653 Inter
558 4589 695 4654 eosdem
719 4585 870 4671 legitime
900 4585 1087 4671 procreatis
1110 4607 1170 4651 seu
1197 4583 1414 4670 procreandis
1429 4582 1551 4667 quibus
1567 4583 1622 4648 de·

253 4691 447 4758 ficientibus
463 4689 586 4756 seniori
602 4689 765 4757 heredum
780 4687 1003 4754 leminearum
1020 4687 1108 4754 inter
1128 4689 1265 4755 eosdem
1282 4687 1432 4772 legitime
1447 4695 1622 4772 procreate

910 4795 967 4842 uu
