4476 6008
518 660 674 730 Dime‘ssio
697 659 857 726 lermneati
872 663 931 746 per
952 657 1107 726 Curatum
1127 663 1157 723 et
1177 657 1348 745 capellanos
1548 655 1609 740 163

255 837 408 906 iacentia
423 837 510 904 inira
532 835 660 904 dietum
682 836 825 920 burgum
846 832 881 898 in
904 832 978 899 vico
1001 831 1104 900 castri
1127 851 1168 898 ex
1190 829 1316 898 boreali
1338 839 1435 916 parte
1458 829 1608 897 eiusdem

253 944 319 1012 vici
337 944 426 1010 inter
443 952 567 1010 terram
590 939 722 1027 patricij
747 939 852 1025 lesley
875 959 915 1004 ex
938 937 1138 1006 occidentali
1162 959 1202 1004 ex
1224 957 1291 1004 vna
1314 947 1421 1003 terras
1444 933 1609 1002 Willelmi

253 1049 348 1116 leslie
374 1057 407 1114 et
438 1047 554 1114 thome
580 1047 770 1113 andersoun
797 1067 837 1110 ex
861 1043 1015 1111 orientali
1039 1042 1191 1128 partibus
1215 1044 1259 1109 ab
1282 1043 1389 1108 altera
1412 1061 1611 1108 communes

253 1153 327 1220 vias
344 1151 470 1237 Regias
484 1173 601 1219 versus
617 1161 770 1220 austrum
786 1159 820 1216 et
839 1151 974 1217 boream
998 1172 1057 1236 pro
1080 1171 1146 1218 vno
1168 1171 1282 1216 annuo
1299 1147 1447 1216 Redditu
1463 1149 1610 1234 Nouem-

254 1260 363 1328 decim
388 1281 576 1326 marcarum
599 1258 726 1326 vsualis
747 1266 881 1324 monete
906 1257 1016 1342 Regni
1039 1257 1144 1324 scotie
1167 1256 1342 1324 annuatim
1366 1257 1528 1322 soluendo
1552 1275 1612 1340 per

254 1368 399 1434 eundem
421 1367 649 1434 Alexandrum
673 1384 753 1431 suos
776 1365 916 1430 heredes
938 1363 1130 1449 assignatos
1154 1373 1187 1429 et
1211 1363 1403 1429 huiusmodi
1425 1359 1611 1428 tenementi

255 1491 466 1556 possessores
496 1489 713 1555 quoscunque
744 1470 787 1535 ad
817 1469 901 1534 duos
925 1467 1004 1552 annj
1030 1467 1194 1534 terminos
1217 1467 1352 1534 vsuales
1381 1467 1612 1553 pentichostes

255 1577 412 1644 videlicet
428 1587 461 1643 et
473 1577 584 1644 sancti
596 1575 732 1660 martinj
746 1575 781 1642 in
793 1573 904 1642 hieme
916 1595 976 1660 per
987 1575 1124 1660 equales
1140 1573 1315 1660 porciones
1330 1573 1610 1640 TENENDUM

257 1682 320 1749 ET
345 1683 624 1749 HABENDUM
655 1681 782 1747 Totum
809 1691 842 1747 et
867 1679 1036 1764 integrum
1066 1679 1194 1745 dictum
1225 1687 1457 1744 tenementum
1487 1687 1611 1744 terram

255 1786 411 1854 videlicet
448 1785 650 1854 anteriorem
688 1784 882 1851 interiorem
920 1793 1032 1850 ortum
1078 1793 1112 1848 et
1153 1782 1309 1850 horreum
1346 1783 1496 1848 eiusdem
1534 1803 1612 1848 cum

256 1892 475 1980 pertinenciis
489 1892 580 1959 dicto
595 1892 776 1958 alexandro
799 1890 871 1956 suis
886 1890 1066 1957 heredibus
1088 1899 1121 1956 et
1145 1889 1327 1976 assignatis
1343 1913 1363 1956 a
1378 1891 1475 1957 nobis
1491 1899 1524 1956 et
1540 1911 1614 1956 suc·

257 1997 447 2064 sessoribus
462 1996 587 2064 nostris
602 1997 644 2062 de
660 1997 825 2080 Supremo
836 1995 974 2062 domino
989 2005 1105 2062 nostro
1119 1995 1212 2081 Rege
1227 2005 1261 2061 et
1278 1995 1348 2062 suis
1364 1994 1615 2062 successoribus

259 2102 409 2188 Regibus
424 2101 534 2169 scocie
550 2102 584 2166 in
598 2101 696 2168 feodo
712 2111 745 2168 et
761 2101 948 2168 hereditate
964 2121 1004 2168 ac
1017 2100 1051 2166 in
1071 2099 1175 2168 libem
1190 2101 1352 2188 burgagio
1367 2101 1614 2188 imperpetuum

249 2210 346 2278 *Cum
363 2206 465 2274 Omni
488 2205 559 2272 iure
582 2215 615 2272 et
638 2205 720 2272 iun's
736 2205 866 2272 clameo
888 2203 989 2271 titulo
1007 2201 1212 2290 proprietate
1227 2205 1274 2272 Et
1297 2205 1510 2290 possessione
1527 2207 1615 2274 Cum

258 2313 380 2380 debitis
400 2311 610 2398 longitudine
633 2313 680 2376 Et
703 2311 882 2378 latitudine
905 2312 992 2379 Cum
1016 2309 1157 2376 edificiis
1179 2312 1323 2396 desuper
1340 2310 1544 2378 constructis
1568 2311 1615 2378 Et

259 2416 493 2486 construendis
516 2417 604 2484 Cum
628 2413 796 2500 lapidibus
818 2413 919 2500 lignis
941 2423 975 2481 et
998 2413 1091 2481 calce
1113 2415 1163 2480 Ac
1186 2415 1273 2482 Cum
1298 2414 1465 2482 Omnibus
1487 2413 1563 2481 aliis
1582 2423 1616 2481 et

259 2521 401 2608 singulis
416 2519 628 2588 libertatibus
646 2519 964 2586 commodietatibus
982 2529 1016 2584 et
1039 2517 1237 2586 asiamentis
1253 2521 1302 2586 Ac
1325 2519 1424 2586 iustis
1442 2519 1521 2588 Suis
1544 2541 1616 2604 per·

157 2715 162 2724 ¹
259 2615 416 2694 tinenclis
431 2623 686 2710 quibuscunque
701 2633 773 2690 tam
796 2644 865 2690 non
885 2623 1070 2694 nominatis
1092 2645 1194 2710 quam
1211 2625 1394 2692 nominatis
1409 2635 1480 2693 tarn
1496 2626 1617 2693 subtus

258 2739 349 2798 terra
372 2749 473 2814 quam
497 2749 599 2814 supra
621 2737 747 2796 terram
769 2735 841 2796 tam
864 2749 967 2813 prope
986 2750 1087 2813 quam
1109 2729 1225 2814 procul
1248 2731 1291 2796 ad
1314 2730 1501 2816 predictum
1524 2740 1617 2798 tene·

260 2845 412 2902 mentum
440 2835 527 2902 Cum
554 2833 770 2918 pertinenciis
796 2832 1029 2918 spectantibus
1051 2855 1111 2900 seu
1137 2833 1226 2900 iuste
1252 2845 1405 2920 spectare
1426 2833 1617 2902 valentibus

260 2939 510 3026 quomodolibet
531 2937 566 3004 in
589 2939 740 3006 futurum
763 2941 856 3006 Adeo
878 2939 980 3006 libere
1005 2989 1013 3005 .
1039 2987 1047 3006 .
1071 2987 1080 3005 .
1104 2939 1233 3025 integre
1256 2940 1439 3007 honorifice
1461 2941 1546 3008 bene
1570 2941 1616 3006 Et

259 3045 295 3112 in
310 3065 394 3130 pace
413 3044 448 3111 in
470 3035 637 3112 Omnibus
658 3053 692 3112 et
712 3065 772 3130 per
794 3092 803 3110 .
828 3093 837 3110 .
862 3093 870 3109 .
893 3053 1126 3112 tenementum
1146 3045 1232 3113 infra
1257 3094 1265 3112 .
1290 3095 1298 3112 .
1324 3095 1332 3112 .
1355 3048 1498 3134 burgum
1519 3049 1617 3114 detur

259 3150 312 3218 vel
328 3151 371 3218 ad
385 3149 474 3216 feodi
498 3198 507 3216 .
532 3197 541 3216 .
566 3197 574 3215 .
598 3149 740 3218 uacione
755 3149 1010 3236 quibuscunque
1024 3150 1178 3218 facienda
1202 3199 1210 3217 .
1235 3201 1244 3218 .
1269 3201 1277 3218 .
1302 3152 1469 3238 Supremo
1480 3153 1617 3222 domino

260 3265 377 3322 nostro
404 3303 412 3320 .
441 3303 450 3321 .
478 3303 487 3320 .
514 3255 713 3340 burgagium
739 3265 901 3341 proantea
932 3305 940 3322 .
973 3305 981 3322 .
1013 3305 1022 3322 .
1052 3277 1184 3324 necnon
1208 3257 1378 3326 Soluenda
1400 3259 1497 3326 nobis
1528 3307 1537 3324 .
1569 3307 1577 3324 .
1605 3308 1614 3326 .

261 3359 514 3446 quatuordecim
545 3381 658 3428 merca
683 3409 691 3426 .
716 3409 724 3428 .
749 3409 758 3428 .
782 3383 918 3448 murray
947 3361 1208 3448 Consanguineo
1235 3411 1243 3430 .
1272 3411 1280 3430 .
1308 3413 1317 3430 .
1344 3385 1495 3432 annuum
1527 3366 1615 3432 Red-

260 3463 369 3532 ditum
393 3511 402 3530 .
427 3513 436 3530 .
461 3513 469 3530 .
492 3463 561 3532 vite
576 3486 637 3532 sue
653 3466 730 3551 Quo
753 3513 761 3531 .
787 3513 795 3532 .
820 3515 829 3532 .
853 3465 938 3532 inira
961 3465 1139 3534 ecclesiam
1164 3515 1173 3533 .
1198 3516 1207 3533 .
1232 3515 1240 3533 .
1264 3467 1357 3534 chori
1373 3469 1514 3536 ecclesie
1538 3517 1546 3535 .
1572 3517 1614 3536 ..

260 3569 443 3638 solidorum
467 3569 679 3638 heredibus.
704 3619 712 3636 .
737 3619 746 3636 .
770 3571 952 3638 solidorum
972 3571 1124 3638 eiusdem
1148 3621 1157 3638 .
1182 3621 1191 3638 .
1215 3621 1224 3638 .
1248 3595 1307 3640 seu
1336 3573 1513 3642 duodecim
1538 3622 1547 3641 .
1571 3623 1580 3641 .
1605 3623 1614 3642 .

260 3673 437 3742 annuatim
467 3695 526 3760 per
555 3676 699 3742 eundem
729 3675 814 3742 Alex
845 3724 853 3742 .
885 3723 894 3742 .
926 3725 935 3742 .
965 3675 1109 3762 scriptos
1134 3675 1286 3744 Tantum
1317 3679 1382 3744 Pro
1411 3678 1503 3745 omni
1532 3727 1540 3744 .
1569 3727 1577 3744 .
1606 3727 1614 3745 .

260 3779 435 3848 exactione
451 3780 519 3847 Seu
534 3781 702 3848 demanda
717 3801 782 3866 que
797 3783 839 3848 de
855 3781 1006 3866 predicta
1020 3791 1055 3848 te
1079 3829 1088 3848 .
1112 3831 1121 3848 .
1146 3829 1155 3848 .
1178 3781 1369 3867 aliqualiter
1382 3784 1477 3869 exegi
1493 3783 1615 3869 poterit

259 3896 319 3954 aut
336 3885 474 3970 Requiri
491 3887 704 3954 lNSUPER
716 3887 735 3926 ¹*
760 3887 796 3954 si
812 3887 986 3973 contingat
1004 3887 1132 3954 dictum
1144 3889 1372 3956 Alexandrum
1382 3911 1462 3956 suos
1477 3889 1617 3956 heredes
1638 3911 1684 3966 rot.
1696 3912 1745 3966 ομ
1855 3897 1860 3908 “

261 4000 320 4058 aut
347 3990 540 4076 assignatos
571 3992 713 4058 deficere
747 4002 805 4060 aut
832 3991 1050 4078 neglegentes
1075 3993 1144 4060 lore
1177 3994 1212 4060 in
1245 3993 1418 4062 solucione
1450 3995 1616 4062 dictorum

261 4117 450 4164 annuorum
482 4095 689 4162 Reddituum
719 4095 817 4162 Tunc
847 4097 977 4164 licitum
1008 4098 1071 4164 erit
1094 4099 1191 4166 nobis
1217 4101 1467 4168 successoribus
1493 4103 1617 4169 nostris

261 4221 394 4268 necnon
416 4199 601 4284 capellanis
623 4201 827 4284 supradictis
841 4201 930 4268 idem
946 4213 1178 4270 tenementum
1201 4225 1340 4272 namare
1363 4215 1396 4272 et
1419 4207 1617 4294 distringere

262 4307 305 4372 ad
320 4325 443 4372 manus
458 4303 611 4390 proprias
629 4303 702 4370 sine
720 4327 932 4391 quocumque
948 4307 1030 4374 iuris
1045 4307 1200 4375 ministro
1215 4309 1346 4376 tociens
1361 4309 1521 4396 quociens
1532 4335 1618 4400 opus

259 4409 360 4478 luerit
383 4410 431 4476 Et
452 4407 642 4476 vlteriussi
668 4409 843 4496 contingat
868 4411 998 4478 dictum
1027 4411 1255 4480 Alexandrum
1283 4433 1363 4480 suos
1392 4414 1532 4482 heredes
1558 4427 1617 4485 aut

724 4621 740 4648 ’
751 4621 811 4676 llos
819 4623 914 4676 folium
925 4623 1001 4676 valde
1011 4623 1161 4675 lantum.
