4472 5992
705 667 837 734 senaa
858 667 969 734 aare
993 623 1172 754 sarpeia·
1577 687 1615 752 51

870 842 1001 908 XXVI.

255 963 388 1032 Romala
423 963 592 1051 waimis
628 963 742 1030 alans
773 970 876 1030 samir
911 963 1069 1032 laoniae
1097 965 1232 1051 flmdote
1262 971 1321 1052 per
1351 967 1508 1052 pomam
1543 967 1618 1034 tom
1639 976 1683 1030 tot.
1699 975 1743 1036 2³¹

342 1069 488 1136 meroris
526 1069 678 1136 Tlomam
714 1069 752 1136 de
787 1067 920 1136 Camere
948 1071 1073 1156 saonem
1105 1071 1205 1159 Apud
1237 1071 1398 1138 Abirdene
1428 1073 1536 1159 quinto
1568 1073 1619 1140 die

342 1175 456 1242 nemis
483 1174 598 1260 marari
623 1175 722 1241 Asso
750 1173 872 1241 dnairri
900 1176 1067 1244 millasimo
1094 1177 1337 1264 quergentaino
1360 1177 1466 1265 priano

312 1301 343 1366 N
361 1301 529 1368 PRIMIS
544 1301 586 1366 de
601 1309 692 1366 terra
712 1299 853 1367 Roberti
868 1298 1010 1366 blinsele
1026 1301 1165 1367 iacente
1180 1299 1215 1366 in
1231 1301 1337 1387 burgo
1349 1303 1391 1368 de
1403 1301 1568 1374 aberdene
1584 1299 1619 1368 in
1640 1313 1751 1368 Rmtate

353 1405 428 1472 vrso
454 1403 557 1490 castrt
586 1425 627 1472 aa
653 1403 771 1472 bosan
798 1413 895 1488 parte
922 1403 1071 1472 erassem
1095 1403 1160 1471 vici
1186 1403 1278 1490 nus
1300 1415 1333 1472 et
1356 1403 1441 1492 iiijd
1465 1407 1554 1473 rtem
1578 1405 1621 1474 se
1642 1383 1782 1500 me

258 1519 350 1578 terra
366 1509 530 1578 Iohannis
545 1511 703 1578 Wormet
719 1531 759 1576 ex
774 1508 925 1576 Australi
941 1519 1038 1594 parte
1056 1509 1207 1577 eiusdem
1222 1507 1287 1578 vici
1302 1531 1353 1577 xs
1369 1511 1457 1577 Item
1473 1512 1514 1578 de
1529 1519 1621 1578 terra

259 1617 429 1700 quondam
449 1615 566 1682 thome
585 1615 682 1700 quhit
702 1635 793 1682 nunc
813 1613 946 1702 patricij
967 1613 1061 1682 leslie
1080 1637 1168 1681 sexs
1186 1623 1220 1681 et
1238 1616 1349 1682 octod
1369 1617 1457 1682 Item
1473 1617 1515 1682 de
1530 1625 1621 1683 terra

261 1721 380 1786 Ionete
406 1721 592 1806 Wyntone‘
610 1721 748 1788 Iacente
774 1719 810 1785 in
836 1717 911 1785 vico
941 1717 1097 1786 inferiore
1127 1717 1269 1786 ecclesie
1298 1739 1340 1786 ex
1368 1719 1495 1788 boreali
1524 1729 1621 1805 parte
1752 1787 1755 1794 ,

259 1825 411 1892 eiusdem
434 1825 523 1910 xiijo
545 1833 579 1891 et
601 1823 685 1910 iiijd
709 1827 797 1891 Item
820 1827 862 1891 de
884 1833 975 1891 terra
989 1823 1156 1892 Willelmi
1178 1823 1368 1892 Andirsone
1382 1823 1417 1891 in
1433 1824 1509 1892 vico
1523 1823 1621 1894 viridi

259 1951 365 2016 prope
378 1941 506 1998 terram
528 1931 645 1997 thome
668 1930 846 2016 gladstane
859 1951 909 1996 vs
925 1931 1012 1996 Item
1029 1931 1071 1996 de
1089 1937 1181 1997 terra
1200 1929 1291 1998 dicto
1311 1929 1410 2015 altari
1432 1929 1623 2016 pertinente

260 2057 302 2105 ex
326 2037 482 2105 orientali
512 2045 608 2123 parte
639 2037 789 2104 eiusdem
819 2036 884 2103 vici
913 2036 975 2122 vjs
1006 2037 1094 2103 Item
1127 2039 1169 2103 de
1197 2035 1298 2104 terris
1336 2035 1541 2105 Inhabitatis
1564 2057 1624 2122 per

259 2142 414 2210 thomam
437 2152 518 2228 pyot
536 2151 571 2208 et
592 2143 754 2210 Iacobum
776 2151 858 2228 pyot
875 2163 924 2208 vs
947 2143 1036 2208 Item
1059 2141 1102 2209 de
1123 2141 1231 2209 crofto
1253 2151 1374 2210 vocato
1391 2141 1424 2208 le
1443 2143 1522 2210 Sow
1536 2141 1622 2209 croit

260 2267 365 2332 prope
380 2247 412 2313 le
428 2247 613 2314 Denburne
627 2245 684 2331 viij
697 2269 714 2312 s

349 2353 396 2418 Et
413 2353 466 2418 De
481 2349 582 2418 dictis
596 2349 719 2418 annuis
735 2337 937 2418 Redditibus
951 2349 1045 2417 nulla
1060 2349 1205 2418 habetur
1220 2357 1314 2418 carta

868 2543 1021 2610 XXVII.

347 2660 542 2730 ENTALE
571 2683 762 2731 annuorum
790 2662 983 2731 reddituum
1010 2661 1128 2730 altaris
1153 2661 1243 2747 beatj
1275 2661 1362 2748 petrj
1392 2661 1623 2748 apostolorum
1646 2673 1756 2754 uentus
1807 2741 1812 2752 Ι

392 2767 555 2854 priucipis
583 2767 618 2834 in
649 2767 792 2836 ecclesia
821 2767 1007 2853 parochiali
1037 2767 1127 2852 beatj
1159 2765 1318 2851 nicholaij
1352 2767 1553 2835 confessoris
1582 2769 1624 2836 de
1647 2741 1813 2806 ΜΨ]

262 2871 432 2941 Abirdene
461 2872 579 2940 situati
604 2895 665 2959 per
694 2871 908 2959 capellanum
938 2872 1089 2940 eiusdem
1119 2872 1339 2958 leuandorum
1366 2871 1410 2940 ad
1434 2873 1519 2940 duos
1544 2871 1624 2941 anni

261 2977 426 3056 terminos
445 2977 601 3046 videlicet
623 2979 740 3064 Sanctj
763 2977 900 3063 martini
920 2977 957 3044 in
976 2997 1074 3064 yeme
1094 2987 1128 3045 et
1149 2977 1373 3064 penticostem
1394 2979 1436 3046 de
1455 2977 1556 3045 terris
1576 2977 1624 3044 in·

262 3083 452 3170 framriptis
475 3087 516 3150 In
539 3083 658 3169 primis
680 3083 738 3170 xiij
758 3105 775 3150 s
792 3093 828 3150 et
845 3083 893 3170 iiij
913 3083 935 3150 d
956 3085 997 3150 de
1018 3093 1110 3150 terra
1133 3081 1287 3168 magistri
1312 3083 1474 3150 Iohannis
1497 3081 1625 3150 cadiow
1647 3103 1817 3220 ”marim

265 3189 404 3256 iacente
418 3209 460 3255 ex
475 3187 593 3256 boriali
608 3197 705 3274 parte
726 3185 909 3274 superioris
923 3185 1065 3255 ecclesie
1080 3187 1168 3254 inter
1182 3197 1308 3256 terram
1324 3189 1397 3254 Ade
1412 3189 1454 3254 de
1469 3188 1626 3255 crauiurd
1648 3171 1807 3288 ffiffll

263 3313 306 3361 ex
328 3303 425 3380 parte
447 3291 602 3362 orientali
626 3297 714 3362 item
738 3293 860 3379 xvas
883 3303 916 3360 et
940 3295 1053 3360 octos
1076 3295 1118 3360 de
1140 3302 1231 3360 terra
1255 3291 1418 3360 Iohannis
1438 3293 1480 3360 de
1498 3291 1627 3378 scrogis
1648 3316 1799 3369 nanctae-
1848 3302 1851 3310 ’

263 3419 306 3466 ex
320 3407 417 3484 parte
432 3399 633 3468 occidentali
648 3409 737 3466 terre
752 3401 922 3483 quondam
946 3399 1069 3483 robertj
1087 3399 1129 3464 de
1150 3398 1298 3484 tuligreg
1319 3419 1360 3464 ex
1374 3397 1516 3465 australi
1530 3407 1627 3483 parte
1648 3381 1816 3500 ssffiffl‘

263 3503 329 3588 ricj
346 3503 449 3570 castri
465 3513 499 3570 et
514 3513 641 3570 terram
664 3504 835 3588 quondam
853 3501 1016 3569 Iohannis
1030 3503 1072 3568 de
1088 3523 1162 3569 mar
1184 3523 1225 3568 ex
1247 3511 1343 3587 parte
1365 3499 1521 3568 orientali
1537 3501 1625 3567 Item

264 3606 352 3674 xx'ls
367 3609 409 3674 de
424 3617 515 3675 terra
531 3608 693 3674 heredum
710 3608 880 3692 quondam
900 3606 1018 3672 thome
1034 3601 1182 3672 Rolland
1199 3607 1337 3672 Iacente
1352 3625 1393 3670 ex
1408 3613 1504 3691 parte
1519 3601 1626 3671 orien-
1648 3645 1718 3682 nunc
1731 3627 1833 3696 guber]

264 3711 326 3780 tali
349 3711 416 3797 vch
441 3711 611 3780 furcarum
641 3710 730 3778 inter
759 3721 885 3778 terram
915 3709 1032 3776 thome
1062 3709 1210 3776 oroudan
1240 3717 1407 3794 exparte
1436 3707 1562 3776 boreali
1592 3715 1626 3776 et
1649 3711 1755 3802 menses

263 3809 389 3884 terram
418 3815 581 3884 Richardi
611 3815 724 3883 lrintor
750 3835 792 3882 ex
818 3825 915 3902 parte
941 3813 1083 3882 australi
1114 3817 1202 3882 Item
1227 3815 1289 3900 vJ's
1315 3813 1357 3880 de
1383 3823 1473 3882 terra
1503 3811 1625 3880 Iohan·
1784 3807 1786 3812 ’

264 3921 318 3988 nis
332 3921 527 3989 stevinsone
551 3924 688 3989 lacente
704 3921 739 3986 in
755 3921 787 3987 le
802 3941 877 3988 new
891 3941 962 3988 raw
976 3920 1041 4005 vicj
1058 3920 1228 3987 furcarum
1247 3920 1336 3987 inter
1351 3927 1476 3987 terram
1492 3919 1625 3986 Andree
1649 3957 1718 3992 nunc
1728 3941 1812 4006 capei-

264 4026 403 4094 baxstar
425 4045 467 4092 ex
493 4034 589 4110 parte
615 4023 757 4094 australi
784 4033 818 4091 et
845 4032 971 4092 terram
999 4022 1163 4092 Iohannis
1188 4023 1285 4108 quhit
1312 4031 1474 4108 exparte
1500 4023 1625 4090 boreali
1649 4007 1766 4060 tenorum
1778 4006 1849 4072 ⁰¹¹⁰‘5

265 4130 354 4196 Item
375 4149 425 4195 vs
446 4131 489 4198 de
510 4129 657 4213 quodam
680 4127 766 4196 totto
781 4137 815 4194 et
831 4127 939 4196 crofto
960 4129 1098 4196 laeente
1120 4127 1155 4194 in
1177 4127 1430 4195 constabillaria
1452 4129 1494 4194 de
1515 4127 1626 4194 durris

263 4233 350 4302 infra
365 4233 640 4302 vicecomitatum
656 4235 698 4302 de
714 4233 899 4320 kyncardin
924 4235 1012 4300 Item
1028 4253 1087 4300 sex
1102 4253 1119 4299 s
1135 4241 1168 4300 et
1183 4233 1240 4318 viij
1257 4235 1279 4300 d
1294 4235 1336 4300 de
1351 4243 1441 4300 terra
1462 4233 1626 4302 Iohannis

263 4341 409 4408 loremar
436 4343 575 4408 Iacente
601 4339 636 4406 in
663 4339 695 4406 le
721 4359 796 4406 new
817 4361 888 4407 ratv
911 4339 1000 4406 inter
1023 4347 1149 4406 terram
1178 4339 1317 4423 Robertj
1345 4337 1442 4422 quhit
1466 4359 1508 4404 ex
1531 4347 1626 4423 parte

263 4445 389 4515 boreali
410 4455 444 4514 et
464 4455 590 4514 terram
613 4445 759 4530 duncanj
783 4445 928 4514 tailzour
944 4467 986 4512 ex
1005 4454 1102 4530 parte
1124 4443 1265 4512 australi
1280 4465 1425 4513 unacum
1450 4443 1626 4510 mansione

263 4551 381 4637 Sanctj
398 4551 483 4636 petrp'
502 4553 639 4619 Iacente
655 4573 696 4618 ex
711 4549 836 4635 borealj
852 4549 917 4634 vicj
934 4551 1037 4635 castrj

350 4657 493 4726 Summa
507 4656 626 4726 altaris
641 4655 758 4741 Sanctj
775 4656 861 4741 petri
877 4655 911 4740 iij
929 4655 975 4722 lib
993 4655 1088 4739 xvijs
1106 4655 1196 4738 viijd
