4490 5990
733 619 833 686 Carta
859 617 1012 686 Willrbni
1033 617 1174 686 Roriam

843 823 1025 890 LXXVII.

282 1005 358 1168 IN
398 1003 452 1072 dei
489 1001 626 1070 nomine
659 1003 769 1068 Amen
799 1021 859 1086 per
887 999 952 1068 hoc
981 1021 1120 1086 presens
1156 999 1328 1086 publicum
1361 1003 1631 1068 Instrumentum
1653 1019 1698 1072 ror.
1711 1019 1758 1074 aar

370 1109 513 1179 Cunctis
542 1117 657 1194 pateat
691 1107 878 1176 Euidenter
914 1109 1004 1194 quod
1040 1107 1140 1172 Anno
1179 1104 1428 1174 Incarnationis
1465 1104 1634 1174 dominice

275 1213 456 1280 millesimo
471 1210 742 1299 quingentesimo
756 1209 920 1295 vigesimo
932 1219 1052 1296 quarto
1068 1209 1199 1276 Mensis
1209 1231 1289 1277 vero
1304 1209 1383 1295 maij
1401 1210 1455 1278 die
1469 1209 1633 1296 vigesimo
1654 1185 1855 1305 {umdim

274 1329 397 1388 octauo
414 1317 604 1388 Indictione
621 1315 821 1385 duodecima
845 1315 1069 1384 Pontificatus
1091 1314 1297 1402 sanctissimi
1319 1315 1355 1382 in
1375 1315 1512 1384 Christo
1527 1315 1634 1402 patris
1654 1318 1724 1384 aiiij
1738 1318 1797 1370 ⁸0¹1·

274 1427 324 1492 Ac
347 1421 474 1510 domini
498 1420 605 1508 nostrj
629 1419 757 1506 dominj
781 1419 959 1518 clementis
981 1439 1068 1506 pape
1088 1417 1209 1504 decimj
1234 1440 1325 1488 anno
1339 1421 1488 1487 secundo
1504 1420 1545 1486 In
1567 1417 1633 1486 mei
1653 1383 1828 1514 fflffim

275 1529 398 1598 notarii
413 1527 539 1615 publici
553 1537 588 1596 et
605 1526 745 1596 testium
768 1525 1057 1612 infrascriptorum
1076 1525 1251 1612 presencia
1273 1525 1495 1612 personaliter
1510 1525 1633 1594 consti·
1654 1513 1816 1632 wffifflm

274 1642 371 1700 tutus
400 1629 608 1701 honorabilis
636 1630 688 1698 vir
716 1629 913 1700 willelmus
944 1630 1092 1699 Rolland
1119 1651 1209 1698 vnus
1237 1630 1439 1700 balliuorum
1466 1629 1562 1718 burgi
1591 1634 1633 1700 de
1654 1643 1757 1696 arinen

274 1738 443 1808 abirdene.
467 1737 592 1806 virtute
629 1735 806 1806 cuiusdam
842 1735 1081 1823 resignationis
1118 1757 1178 1824 per
1213 1739 1385 1824 quondam
1419 1738 1634 1808 Willelmum

275 1843 409 1913 blinsell
432 1844 633 1929 burgensem
656 1843 698 1911 de
720 1841 859 1910 abirden
884 1841 920 1909 in
945 1841 1103 1910 manibus
1124 1841 1196 1912 suis
1217 1843 1306 1912 facte
1332 1843 1476 1912 contulit
1498 1852 1532 1912 et
1555 1865 1633 1912 cum

275 1949 397 2016 ellectu
432 1946 630 2016 deliberauit
660 1946 819 2016 Discreto
847 1945 919 2015 viro
949 1946 1086 2016 domino
1114 1946 1274 2016 willelmo
1304 1949 1419 2036 Cupar
1448 1948 1633 2038 Capeliano
1654 1975 1845 2044 memmi„

275 2051 393 2122 altaris
408 2051 710 2138 beate[sic]thome
726 2051 875 2121 martiris
895 2051 980 2122 inira
1000 2051 1179 2122 ecclesiam
1191 2053 1420 2140 parochialem
1436 2055 1633 2124 abirdonen·
1654 2043 1836 2160 inmani·

1655 1823 1686 1875 ²3
1697 1811 1783 1879 MartiJ
1794 1813 1857 1862 roob

143 2184 149 2197 ·
275 2179 348 2226 aem
363 2157 480 2226 situati
496 2156 704 2244 procuratori
719 2166 754 2226 et
769 2157 961 2226 eonomine
977 2157 1240 2244 capellanorum
1257 2159 1360 2228 Chori
1383 2159 1534 2228 eiusdem
1557 2181 1633 2248 pos·
1710 2173 1856 2226 honerosa

275 2262 461 2332 sessionem
477 2271 606 2331 statum
622 2271 656 2330 et
679 2261 829 2330 aesinam
853 2261 1081 2330 successorias
1102 2261 1202 2330 unius
1224 2263 1328 2350 annuj
1347 2263 1499 2332 redditus
1513 2263 1633 2350 viginti
1773 2238 1858 2292 ω’

275 2377 422 2456 quatuor
436 2367 621 2436 solidorum
642 2365 819 2435 annuatim
843 2366 979 2436 leuandi
1002 2377 1035 2436 et
1059 2365 1265 2454 percipiendi
1286 2369 1327 2436 de
1346 2368 1429 2436 totis
1444 2378 1479 2438 et
1493 2367 1634 2456 integris

275 2473 344 2542 illis
368 2475 500 2544 duabus
525 2471 626 2541 terris
652 2472 819 2558 contigue
847 2471 1043 2542 lacentibus
1065 2473 1151 2541 intra
1173 2472 1301 2542 dictum
1328 2475 1471 2560 burgum
1496 2476 1537 2542 In
1559 2475 1634 2543 vieo

276 2579 447 2668 superiore
476 2577 619 2648 ecclesie
647 2599 689 2646 ex
717 2577 858 2646 australi
889 2587 984 2664 parte
1014 2577 1165 2646 eiusdem
1194 2575 1284 2646 inter
1307 2587 1433 2647 terram
1463 2579 1634 2666 quondam

276 2687 400 2755 mberti
423 2685 501 2754 club
522 2707 564 2752 ex
586 2675 741 2752 orientali
764 2705 805 2751 ex
825 2705 893 2752 vna
916 2693 1041 2752 terram
1065 2686 1235 2769 quondam
1260 2684 1433 2753 alexandri
1456 2684 1634 2754 howesone

276 2813 318 2861 ex
333 2789 534 2860 occidentali
546 2788 699 2876 partibus
711 2789 753 2857 ab
765 2789 872 2858 altera
884 2791 1109 2858 Communem
1120 2789 1211 2858 viam
1223 2789 1350 2876 regiam
1365 2811 1484 2860 versus
1499 2793 1634 2860 boream

277 2905 311 2964 et
326 2905 451 2963 terram
467 2893 638 2963 alexandri
661 2893 836 2980 ruyerlurd
853 2915 972 2962 versus
993 2902 1147 2962 austrum
1170 2893 1261 2962 dicto
1283 2893 1458 2964 Willelmo
1473 2906 1636 2984 proantea

277 3001 425 3070 debitam
441 3021 502 3088 per
515 3009 603 3068 terre
618 3008 651 3066 et
667 2999 789 3086 lapidis
804 2999 1021 3068 donationem
1036 2999 1180 3068 contulit
1195 3009 1229 3068 et
1251 2999 1287 3068 in
1302 3001 1423 3070 effectu
1438 3001 1636 3071 delibemuit

278 3107 421 3174 Necnon
447 3126 507 3191 per
530 3104 631 3172 vuius
656 3103 784 3191 denarij
817 3107 858 3174 de
888 3103 985 3172 intoll
1015 3105 1146 3174 induxit
1175 3104 1337 3194 imposuit
1357 3116 1391 3176 et
1417 3108 1636 3195 corporaliter

277 3209 453 3280 inuestiuit
482 3211 669 3278 secundum
702 3209 889 3280 laudabiles
923 3211 1185 3280 eonsuetudines
1220 3213 1401 3299 burgorum
1431 3214 1528 3282 saluo
1558 3215 1635 3282 Iure

277 3307 456 3384 cuiuslibet
482 3313 613 3381 dandas
641 3321 675 3382 et
705 3316 940 3384 concedendas
969 3313 1070 3384 dictis
1095 3315 1281 3402 capellanis
1306 3325 1341 3386 et
1364 3337 1480 3386 eorum
1503 3339 1636 3387 succes·

278 3417 411 3486 soribus
439 3417 712 3504 procuratoribus
736 3419 825 3504 quod
851 3417 991 3486 liberam
1018 3427 1222 3506 potestatem
1246 3427 1280 3488 et
1302 3418 1500 3490 facultatem
1526 3420 1637 3490 dictas

277 3529 387 3590 terras
400 3519 562 3590 namandi
577 3529 611 3588 et
626 3519 848 3608 distringendi
868 3543 929 3610 pro
950 3521 1042 3590 dicto
1063 3541 1178 3590 annuo
1199 3521 1332 3592 redditu
1348 3522 1421 3594 sin'e
1436 3547 1636 3614 quocunque

279 3627 368 3695 Iuris
382 3625 538 3694 ministro
553 3635 604 3694 set
619 3623 663 3696 ad
678 3627 830 3714 pmprias
845 3649 968 3696 manus
988 3637 1026 3696 ut
1042 3627 1147 3696 moris
1161 3635 1213 3696 est
1228 3629 1360 3698 tociens
1374 3630 1535 3716 quociens
1550 3653 1636 3718 opus

276 3730 377 3798 luerit
406 3751 508 3817 super
535 3729 657 3816 quibus
686 3731 844 3800 omnibus
876 3740 911 3800 et
941 3731 1084 3818 singulis
1112 3733 1225 3802 dictus
1253 3733 1411 3802 dominus
1440 3735 1636 3805 Willelmus

278 3833 415 3904 nomine
430 3833 660 3922 procuratorio
675 3857 845 3923 quosupra
860 3857 881 3904 a
899 3857 954 3904 me
973 3837 1105 3906 notario
1125 3837 1260 3923 publico
1279 3838 1470 3927 subscripto
1485 3839 1548 3908 sibi
1564 3841 1635 3910 fieri

277 3941 376 4027 petijt
391 3961 531 4027 presens
545 3939 718 4027 publicum
733 3941 996 4010 instrumentum
1011 3943 1099 4011 Acta
1119 3953 1216 4012 erant
1231 3942 1294 4012 hec
1309 3965 1411 4031 super
1426 3946 1536 4014 solum
1552 3947 1635 4016 dict·

278 4067 374 4116 arum
389 4055 556 4116 terrarum
572 4047 690 4116 horam
703 4046 836 4116 circiter
847 4069 973 4116 nonam
985 4058 1064 4118 ante
1076 4049 1251 4120 meridiem
1267 4051 1330 4120 sub
1345 4073 1435 4121 anno
1450 4052 1504 4122 die
1519 4075 1636 4122 mense

279 4151 469 4220 Indictione
483 4161 517 4220 et
533 4151 743 4240 pontifficatu
759 4153 880 4240 quibus
895 4175 997 4241 supra
1013 4155 1231 4224 Presentibus
1245 4156 1369 4226 ibidem
1385 4157 1637 4228 honorabilibus

278 4267 312 4326 et
335 4257 486 4344 prouidis
500 4257 582 4326 viris
597 4258 753 4328 Waltero
769 4259 892 4328 Cullan
914 4260 1079 4347 Magistro
1102 4263 1228 4332 andrea
1243 4261 1365 4330 tulidef
1376 4263 1553 4332 Willelmo
1572 4265 1636 4334 rol·

278 4361 359 4430 land
383 4361 518 4431 Iuniore
541 4365 710 4432 Duncano
732 4363 854 4432 tulidel
877 4363 1042 4433 michaele
1065 4365 1187 4434 tulidef
1207 4367 1253 4436 Et
1276 4366 1377 4436 dauid
1406 4367 1536 4438 heroun
1561 4371 1636 4438 Ser·

278 4465 402 4552 giendo
423 4489 569 4537 vnaeum
594 4467 737 4538 diuersis
759 4469 837 4560 alijs
859 4480 893 4540 et
916 4469 1058 4560 singulis
1084 4472 1229 4542 testibus
1252 4475 1295 4541 ad
1318 4473 1483 4560 premissa
1504 4476 1635 4546 vocatis

279 4569 405 4660 pariter
419 4581 452 4644 et
467 4571 596 4664 rogatis
