4472 5992
623 667 667 756 48
806 666 930 732 Littera
946 665 1147 753 possessionis
1165 665 1360 734 nouum
1380 666 1496 736 alm
1513 666 1625 736 Samii
1646 667 1814 756 Cn'stoson‘

623 861 665 912 ae
680 837 913 926 possessiones
926 847 1062 906 nostras
1076 846 1195 910 conus
1210 859 1329 908 omnes
1343 837 1801 914 mondeavsrantlnhines
1814 841 1985 927 saniei!-

623 947 736 1018 himus
750 956 783 1014 et
801 947 1055 1030 Imperpetuum
1078 945 1297 1016 defendemus
1313 947 1354 1016 In
1370 945 1468 1014 euius
1483 945 1546 1032 Rej
1562 945 1798 1018 testimouium
1816 947 1898 1020 lule
1911 969 1984 1034 pte·

623 1051 710 1126 senti
733 1059 826 1118 carte
848 1071 922 1118 mee
945 1049 1093 1136 sigillum
1117 1071 1231 1119 meum
1253 1059 1287 1118 et
1309 1050 1419 1136 sigilla
1442 1051 1658 1136 prouiderunt
1681 1051 1831 1124 vinnm
1850 1055 1984 1126 hndtee

622 1156 745 1228 Cullan
771 1163 805 1222 et
833 1155 998 1224 Iohannis
1023 1156 1099 1224 Mar
1124 1156 1267 1226 duorum
1293 1155 1494 1224 balliuorum
1520 1155 1602 1244 diotj
1630 1155 1727 1242 burgj
1757 1177 1799 1228 no
1826 1159 1982 1230 dolosum

622 1259 734 1330 sasine
756 1258 951 1330 huiusmodi
972 1280 1162 1330 annuorum
1187 1260 1396 1332 Reddituum
1418 1270 1498 1332 sum
1521 1282 1673 1347 appensa
1694 1263 1786 1348 apud
1807 1263 1983 1336 Amisene

544 1423 546 1428 .
620 1364 752 1436 decimo
767 1374 890 1443 octauo
904 1364 958 1436 die
974 1365 1101 1450 mensis
1117 1365 1201 1451 Maij
1217 1387 1306 1436 atino
1321 1365 1449 1435 domini
1464 1365 1645 1436 millesimo
1656 1374 1691 1436 et
1702 1365 1983 1454 inngemalno

620 1471 744 1542 Coram
774 1469 1033 1540 Venetabilibus
1062 1480 1097 1538 el
1125 1470 1276 1556 protudis
1304 1470 1388 1539 virIs
1416 1470 1584 1556 Magistro
1610 1471 1803 1543 Alexandro
1834 1473 1983 1558 cendone

620 1575 793 1648 Canonieo
824 1575 986 1648 Rossensi
1016 1575 1209 1646 Alexandro
1239 1576 1325 1646 Reid
1354 1576 1549 1648 Alexandro
1578 1577 1814 1648 nathonsonn
1844 1577 1981 1650 donnino

618 1682 754 1750 Andree
784 1680 933 1750 Chamer
962 1681 1137 1766 capellano
1175 1680 1346 1750 Richards
1379 1681 1491 1750 Waus
1527 1682 1663 1752 Andrea
1695 1683 1809 1754 Waus
1844 1683 1981 1754 nauso

555 1791 561 1802 '
619 1787 767 1856 branche
789 1785 965 1856 Willelmo
988 1786 1144 1856 buchane
1167 1787 1319 1856 Iohanne
1341 1789 1507 1856 Annande
1531 1789 1683 1858 Iohanne
1706 1788 1874 1866 malisone
1895 1789 1981 1860 Wil-

618 1891 721 1959 lelmo
736 1913 837 1976 crage
851 1891 1042 1960 Alexandro
1061 1893 1171 1976 Crago
1186 1891 1409 1977 baugensibus
1427 1894 1470 1960 de
1483 1894 1659 1963 Aberdene
1674 1893 1853 1964 willelmo
1865 1893 1980 1964 setim·

618 2017 723 2080 geour
737 2007 771 2062 et
791 1997 918 2066 Iacobo
936 1995 998 2062 leis
1018 1995 1213 2080 sergeandis
1232 2017 1272 2064 sc
1293 1995 1432 2064 domino
1454 1996 1606 2064 Iohanne
1630 1997 1816 2083 Stiruel'mg
1838 1998 1981 2068 Notasio

621 2099 762 2172 Publica

1235 2335 1367 2402 XXIV.

493 2469 504 2503 ¹
621 2471 719 2562 Copia
747 2473 845 2540 litare
867 2472 1065 2562 possessionis
1101 2445 1277 2539 annuorum
1305 2473 1483 2540 reddituum
1504 2473 1713 2562 fiendalorum
1738 2481 1798 2566 per
1825 2477 1981 2568 quondam

890 2577 1051 2668 Johamtt's
1072 2577 1189 2666 mtnj
1210 2579 1253 2647 ad
1273 2579 1372 2668 eltarj
1393 2579 1504 2668 Sanolj
1525 2579 1701 2670 christoforj

633 2675 638 2702 ι
703 2721 933 2788 NIUERSIS
954 2728 988 2788 et
1008 2718 1151 2806 siugulis
1166 2721 1209 2786 ad
1224 2741 1367 2805 quorum
1384 2718 1555 2788 Notitiam
1578 2721 1758 2788 Presentes
1779 2721 1891 2790 littere
1906 2741 1980 2808 per-

744 2823 899 2892 uenerint
921 2823 1074 2892 Thomas
1088 2827 1130 2892 de
1146 2825 1291 2894 Camera
1305 2845 1392 2892 vnus
1412 2825 1613 2894 balliuorum
1636 2825 1732 2912 burgi
1754 2827 1796 2896 de
1811 2825 1980 2898 Abirdene

618 2925 764 2998 salutem
780 2929 817 2998 in
836 2929 988 2998 omnium
1011 2930 1181 2998 saluatore
1203 2931 1291 2998 Cum
1314 2930 1408 3018 pium
1423 2930 1468 2998 sit
1484 2941 1518 2998 et
1533 2931 1744 2998 meritorium
1767 2932 1866 3000 fidele
1885 2931 1980 3002 testi·

619 3032 771 3102 monium
787 3033 962 3120 perhibere
971 3033 1106 3119 veritatj
1119 3043 1153 3100 et
1166 3035 1313 3104 maxime
1324 3034 1359 3100 in
1371 3035 1438 3102 hiis
1449 3057 1515 3122 que
1529 3057 1589 3122 per
1605 3035 1739 3104 ludices
1754 3045 1788 3104 et
1803 3037 1983 3108 officiarios

618 3139 801 3224 burgorum
822 3137 950 3206 domini
970 3137 1078 3206 nostri
1095 3136 1200 3224 Regis
1218 3139 1371 3226 legaliter
1392 3149 1471 3210 acta
1486 3141 1572 3208 liunt
1592 3139 1672 3208 hinc
1692 3150 1745 3208 est
1761 3143 1850 3227 quod
1865 3145 1908 3212 ad
1924 3165 1979 3212 me

617 3242 771 3330 peruenit
794 3242 955 3329 prouidus
973 3242 1025 3310 vir
1048 3243 1219 3312 Iohannes
1241 3244 1368 3332 mathej
1393 3243 1571 3330 burgensis
1593 3245 1674 3332 dictj
1697 3247 1793 3332 bur·
1817 3255 1851 3316 et
1874 3247 1978 3316 michi

617 3369 695 3416 cum
726 3346 896 3416 Instantis
926 3347 1130 3434 supplicauit
1160 3356 1329 3434 quatenus
1357 3369 1472 3416 secum
1502 3349 1646 3418 transite
1671 3349 1772 3420 velim
1800 3353 1843 3420 ad
1869 3361 1978 3422 terras

618 3451 856 3539 lnirascriptas
870 3453 914 3520 ad
929 3453 1076 3520 dandam
1096 3451 1245 3522 sasinam
1266 3463 1300 3522 et
1320 3453 1570 3538 possessionem
1592 3454 1738 3524 discreto
1752 3453 1825 3522 viro
1839 3455 1977 3527 domino
2016 3441 2018 3450 ¹

617 3558 761 3644 Iohannj
780 3560 927 3626 Modane
943 3557 1128 3643 Capellano
1144 3579 1206 3626 suo
1225 3558 1362 3626 nomine
1377 3569 1412 3627 et
1427 3581 1468 3627 ex
1483 3569 1579 3648 parte
1594 3559 1713 3628 altaris
1735 3560 1824 3647 beatj
1849 3559 1976 3632 Cristo-

615 3661 677 3748 iorj
706 3660 878 3730 marthiris
900 3660 936 3728 in
958 3661 1102 3730 ecclesia
1123 3661 1307 3748 paroehialj
1335 3663 1444 3752 sanctj
1472 3663 1631 3752 nicholaij
1659 3666 1702 3732 de
1723 3663 1892 3736 Abirdene
1917 3687 1977 3752 per

615 3766 728 3854 ipsum
755 3765 942 3834 Iohannem
972 3766 1100 3854 mathei
1132 3768 1242 3834 denuo
1271 3767 1401 3854 lundatj
1433 3789 1474 3840 ae
1503 3768 1620 3856 situatj
1652 3772 1694 3838 de
1723 3769 1824 3840 terris
1851 3769 1974 3838 annuis

616 3870 819 3941 Redditibus
841 3871 1124 3958 subsequentibus
1145 3871 1301 3940 videlicet
1323 3873 1365 3944 de
1379 3895 1446 3940 vno
1468 3895 1581 3942 annuo
1603 3873 1738 3944 redditu
1754 3873 1874 3962 vigintj
1898 3875 1975 3944 soli·

615 3978 735 4046 dorum
757 3976 884 4044 vsualis
910 3985 1046 4045 monete
1071 3975 1178 4044 scotie
1204 3985 1347 4044 exeunte
1376 3977 1554 4050 annuatim
1580 3986 1614 4046 et
1639 3977 1785 4048 leuando
1807 3979 1849 4048 de
1870 3977 1974 4052 fundo

615 4081 707 4150 illius
728 4093 818 4150 terre
840 4081 1003 4150 Iohannis
1023 4091 1195 4168 pantoune
1215 4083 1257 4152 de
1277 4085 1479 4170 petmedane
1496 4085 1633 4151 laeente
1649 4081 1684 4150 in
1706 4081 1781 4152 vieo
1802 4083 1973 4155 furcarum

615 4188 696 4274 dictj
714 4189 808 4274 bur·
826 4209 867 4254 ex
882 4187 1083 4256 occidentali
1098 4197 1194 4274 parte
1210 4181 1360 4256 eiusdem
1376 4187 1441 4276 vicj
1459 4188 1547 4256 inter
1561 4197 1686 4260 terram
1698 4189 1833 4256 Andree
1848 4190 1975 4260 Baxter

614 4315 655 4362 ex
670 4293 811 4376 australi
834 4303 930 4380 parte
946 4316 987 4360 ex
1001 4315 1067 4362 vna
1083 4303 1116 4362 et
1132 4303 1256 4376 tenram
1280 4294 1441 4364 heredum
1462 4295 1632 4381 quondam
1657 4293 1821 4363 Iohannis
1843 4315 1918 4362 mar
1932 4315 1973 4365 ex

614 4399 740 4468 boreali
765 4397 918 4486 partibus
943 4399 986 4466 ab
1012 4397 1119 4466 altera
1144 4406 1243 4484 prout
1270 4419 1307 4464 se
1333 4397 1482 4466 extendit
1506 4397 1541 4464 in
1563 4395 1773 4482 longitudine
1799 4405 1833 4464 et
1858 4395 1973 4467 latitu-

613 4503 691 4574 dine
710 4505 754 4572 ad
774 4504 887 4572 lacum
907 4503 988 4590 dietj
1010 4504 1106 4588 bur.
1126 4523 1245 4570 versus
1266 4501 1424 4574 occidens
1443 4511 1476 4574 et
1498 4523 1713 4572 communem
1730 4499 1821 4570 uiam
1844 4499 1971 4590 regiam

611 4631 730 4679 versus
755 4609 868 4680 oriens
894 4611 982 4678 Item
1008 4610 1050 4678 de
1075 4629 1142 4678 vno
1167 4629 1280 4679 annuo
1307 4608 1456 4682 Redditu
1481 4607 1592 4682 decim
1620 4606 1804 4680 solidorum
1830 4614 1974 4680 exeunte
