4490 5990
659 591 822 658 Fandacio
844 589 966 678 dominj
987 591 1113 656 Andrae
1139 590 1261 678 Corrpor
1588 609 1649 676 105

289 767 408 854 vigintj
435 765 617 834 solidorum
640 763 768 832 usualis
790 773 925 832 monete
948 765 1058 832 scocie
1081 765 1257 833 annuatim
1281 765 1462 834 leuandum
1485 769 1526 834 de
1550 767 1651 834 domo

290 896 367 942 mea
394 872 465 940 siue
490 881 581 940 terra
610 869 779 956 superiore
802 877 835 936 et
859 867 1043 936 subteriore
1069 869 1207 936 Iacente
1229 869 1387 955 contigue
1410 869 1498 938 inter
1526 879 1650 938 terram

291 987 505 1065 prenotatam
537 976 700 1042 Iohannis
730 975 816 1042 lowe
844 997 886 1042 ex
916 974 1056 1042 australi
1086 984 1119 1041 et
1150 996 1348 1042 communes
1372 975 1446 1042 vias
1475 975 1586 1060 regias
1611 997 1651 1042 ex

291 1084 416 1155 boreali
431 1093 465 1150 et
481 1081 635 1150 orientali
654 1080 806 1166 partibus
821 1079 856 1146 in
872 1079 1053 1165 specialem
1069 1089 1248 1146 varantum
1271 1079 1352 1146 dicti
1376 1081 1477 1166 annuj
1502 1080 1652 1148 redditus

291 1189 411 1278 prioris
427 1210 508 1255 casu
524 1207 590 1272 quo
610 1185 789 1271 contigerit
814 1186 956 1252 eandem
977 1193 1102 1251 terram
1125 1193 1278 1252 nostram
1301 1184 1565 1271 distringebilem
1580 1185 1650 1252 fore

292 1319 352 1384 pro
382 1293 554 1362 solucione
581 1291 685 1376 annuj
716 1289 867 1358 redditus
896 1289 1052 1375 prelibati
1081 1289 1362 1358 TENENDUM
1393 1299 1427 1356 et
1457 1290 1649 1358 habendum
1672 1299 1717 1354 rot.
1726 1299 1783 1372 41²¹

291 1412 401 1470 totum
428 1409 462 1468 et
490 1401 665 1483 Integrum
690 1395 818 1464 dictum
843 1417 994 1462 annuum
1020 1393 1189 1462 redditum
1215 1394 1334 1480 vigintj
1362 1393 1545 1462 solidorum
1572 1417 1650 1462 cum

293 1506 365 1574 suis
380 1503 596 1592 pertinenciis
612 1503 740 1589 prefato
759 1501 936 1587 capellano
955 1511 988 1567 et
1007 1500 1078 1568 suis
1094 1500 1353 1568 Successor-ibus
1368 1501 1553 1586 capellanis
1568 1501 1648 1587 dictj

294 1607 411 1681 altaris
427 1631 447 1678 a
463 1617 565 1676 meet
581 1605 761 1674 heredibus
777 1605 862 1672 meis
877 1607 919 1674 de
940 1627 1121 1692 suppremo
1141 1603 1278 1672 domino
1298 1613 1414 1672 nostro
1429 1627 1507 1691 rege
1524 1607 1651 1695 Imper-

293 1727 433 1804 petuum
456 1715 491 1782 in
514 1735 633 1800 puram
657 1721 690 1778 et
713 1721 910 1798 perpetuam
934 1709 1146 1778 elimosinam
1170 1713 1258 1779 Cum
1281 1709 1374 1778 omni
1398 1712 1475 1777 Iure
1502 1719 1535 1778 et
1563 1709 1652 1776 Iuris

294 1825 424 1891 clameo
448 1823 498 1887 Ac
522 1841 599 1886 cum
621 1818 778 1884 omnibus
798 1827 832 1884 et
854 1817 977 1903 singuli
998 1816 1209 1883 libertatibus
1230 1815 1491 1882 comoditatibus
1511 1823 1544 1881 et
1565 1813 1652 1880 asia·

295 1927 419 1996 mentis
451 1949 490 1994 ac
523 1925 628 1993 Iustis
662 1923 733 1990 suis
765 1923 982 2010 pertinenciis
1016 1923 1269 2008 quibuscunque
1301 1923 1432 1990 ADEO
1468 1923 1652 1988 LIBERE

295 2031 443 2118 plenarie
467 2031 602 2115 Integre
626 2027 808 2094 honorifice
834 2028 918 2095 bene
941 2037 975 2094 et
998 2027 1033 2093 in
1057 2047 1140 2113 pace
1163 2026 1197 2092 in
1221 2027 1377 2094 omnibus
1399 2036 1433 2095 et
1456 2048 1516 2113 per
1538 2025 1653 2094 omnia

295 2139 382 2204 sicut
398 2135 520 2220 aliquis
535 2155 669 2200 annuus
686 2132 836 2199 redditus
851 2131 886 2198 in
902 2131 1084 2218 specialem
1099 2141 1278 2199 varantum
1297 2131 1436 2199 alterius
1456 2131 1558 2216 annuj
1581 2131 1653 2198 red-

295 2243 386 2309 ditus
406 2239 547 2308 ecclesie
562 2241 662 2306 datur
676 2237 872 2304 conceditur
887 2247 945 2304 aut
961 2237 1152 2324 possidetur
1166 2237 1239 2304 sine
1257 2237 1477 2305 reuocacione
1491 2237 1653 2304 reclama·

295 2347 391 2414 cione
418 2355 476 2412 aut
506 2343 771 2412 contradictione
798 2343 935 2428 aliquali
962 2345 1028 2429 mej
1059 2344 1221 2410 heredum
1247 2365 1398 2410 meorum
1425 2351 1483 2410 aut
1510 2343 1651 2410 aliorum

295 2469 572 2536 quorumcunque
595 2448 955 2517 CELEBRANDUS
981 2447 1159 2516 annuatim
1186 2447 1297 2514 dictus
1321 2448 1516 2533 capellanus
1542 2455 1576 2514 et
1601 2446 1652 2514 sui

296 2559 516 2624 Successores
531 2575 591 2640 pro
606 2554 716 2620 salute
730 2553 852 2620 Anime
868 2574 941 2620 mec
957 2563 990 2620 et
1006 2553 1196 2621 animarum
1208 2553 1433 2639 predictarum
1449 2574 1489 2620 ac
1501 2551 1652 2619 omnium

295 2660 445 2728 fidelium
457 2660 691 2728 defunctorum
704 2657 832 2726 Diuina
848 2658 1007 2744 suffragia
1022 2660 1065 2726 ad
1077 2659 1243 2744 prelatum
1256 2659 1362 2726 altare
1374 2681 1434 2745 pro
1445 2657 1654 2726 dimidietate

296 2762 489 2832 huiusmodi
518 2763 621 2848 annuj
652 2761 803 2830 redditus
834 2763 880 2828 Et
914 2783 974 2847 pro
1005 2763 1111 2830 altera
1144 2762 1353 2830 dimidietate
1385 2761 1653 2830 anniuersarium

296 2891 410 2938 meum
426 2869 594 2936 celebrare
610 2867 711 2936 faciet
731 2865 766 2933 in
789 2866 879 2934 hunc
900 2869 1038 2934 modum
1059 2867 1215 2935 videlicet
1238 2888 1417 2956 preconem
1439 2889 1653 2935 communem

296 2996 355 3061 per
376 2983 486 3042 totum
513 2975 655 3057 burgum
682 2971 858 3040 circumire
880 2971 981 3038 faciet
1005 2971 1181 3040 annuatim
1204 2971 1239 3038 in
1262 2972 1414 3058 proximo
1436 2974 1555 3040 sabato
1577 2985 1653 3059 post

296 3081 471 3148 decessum
488 3097 601 3144 meum
621 3079 670 3143 Ac
693 3097 795 3142 unam
816 3075 956 3144 missam
977 3078 1019 3145 de
1038 3087 1120 3146 nota
1143 3077 1178 3144 in
1198 3077 1368 3146 dominica
1392 3077 1470 3144 inde
1493 3089 1653 3163 sequente

297 3206 356 3270 per
369 3181 546 3250 duodecim
566 3181 760 3268 capellanos
780 3181 929 3248 seniores
948 3182 1029 3250 dicti
1048 3183 1141 3250 chori
1161 3183 1347 3250 Annuatim
1363 3183 1531 3252 celebrare
1552 3183 1652 3252 faciet

297 3311 375 3358 cum
390 3287 511 3356 ceteris
526 3285 640 3354 missis
659 3286 801 3372 priuatis
819 3309 878 3372 per
894 3307 1012 3354 omnes
1034 3288 1228 3374 capellanos
1250 3287 1343 3355 chon'
1366 3309 1425 3374 per
1446 3288 1651 3356 ebdomitam

297 3393 375 3460 inde
411 3398 608 3476 sequentem
641 3388 810 3458 Tabulam
845 3411 946 3476 super
975 3391 1221 3458 monimentum
1251 3411 1365 3459 meum
1395 3391 1519 3460 locabit
1557 3393 1652 3460 Idem

297 3497 400 3584 pallio
422 3494 555 3564 decenti
577 3494 745 3582 cooperiet
769 3505 802 3562 et
826 3495 1007 3564 luminaria
1029 3497 1170 3582 reperiet
1193 3496 1336 3582 singulis
1362 3497 1461 3565 annis
1483 3497 1653 3584 perpetuis

296 3601 418 3669 futuris
432 3623 492 3688 pro
507 3601 617 3668 salute
631 3599 754 3668 Anime
774 3622 848 3669 mee
868 3611 902 3670 et
923 3601 1112 3670 animarum
1133 3603 1299 3672 dictarum
1314 3603 1465 3672 Tantum
1484 3625 1544 3691 pro
1560 3603 1651 3672 omni

297 3708 365 3776 alio
391 3707 533 3775 seruicio
559 3707 701 3793 secularj
729 3707 909 3775 exaccione
936 3731 996 3776 seu
1020 3711 1188 3778 demanda
1210 3731 1275 3794 que
1295 3711 1337 3777 de
1362 3709 1513 3796 predicto
1539 3730 1652 3777 annuo

297 3811 429 3878 redditu
444 3833 522 3878 cum
541 3809 757 3896 pertinenciis
775 3811 966 3898 aliqualiter
985 3813 1072 3900 exigi
1092 3813 1214 3900 poterit
1230 3823 1289 3881 aut
1307 3815 1444 3900 Requirj
1464 3815 1652 3882 Reseruato

297 3927 412 3984 tamen
427 3915 531 3984 libero
546 3925 740 3984 tenemento
756 3916 905 3985 eiusdem
926 3919 1029 3985 michi
1050 3929 1198 4004 prototo
1216 3929 1367 4005 tempore
1386 3919 1455 3986 vite
1470 3941 1544 3986 mee
1560 3921 1606 3986 Et
1623 3919 1652 3986 si

297 4019 474 4107 contigerit
501 4021 627 4090 dictum
653 4021 866 4108 capellanum
890 4023 1008 4091 altaris
1034 4025 1143 4111 sanctj
1171 4025 1307 4110 martinj
1335 4024 1391 4109 qui
1418 4030 1478 4110 pro
1501 4034 1651 4111 tempore

296 4127 395 4194 fuerit
411 4127 552 4196 deficere
568 4149 589 4196 a
604 4127 777 4214 premissis
789 4137 848 4196 aut
864 4127 977 4214 aliquo
989 4129 1228 4216 premissorum
1242 4131 1340 4199 Circa
1356 4129 1484 4197 dictum
1496 4129 1650 4197 anniuer-

298 4231 423 4299 sarium
447 4241 529 4300 tunc
550 4231 663 4300 licebit
683 4231 867 4318 capellanis
892 4233 973 4302 dicti
999 4235 1092 4303 chori
1113 4245 1222 4304 totum
1244 4245 1277 4304 et
1302 4237 1476 4321 Integrum
1500 4255 1650 4302 annuum

296 4337 463 4405 redditum
481 4337 683 4424 prelibatum
700 4337 819 4425 vigiutj
845 4339 1027 4409 solidorum
1052 4345 1096 4410 ad
1120 4365 1242 4412 manus
1267 4365 1348 4411 suas
1367 4341 1519 4428 proprias
1539 4341 1651 4410 leuare

297 4441 361 4508 hoe
377 4462 467 4509 anno
482 4451 515 4510 ct
531 4443 799 4512 anniuersarium
820 4465 933 4513 meum
953 4455 990 4514 vt
1010 4447 1217 4533 premittitur
1235 4447 1403 4516 celebrare
1423 4455 1456 4514 et
1477 4467 1650 4532 orare-pro

298 4546 407 4614 salute
423 4546 535 4614 anime
550 4569 624 4616 mee
639 4558 673 4617 et
692 4548 881 4618 animarum
905 4551 1131 4637 predictarum
1156 4555 1300 4639 Insuper
1322 4553 1451 4620 licitum
1468 4553 1569 4639 michj
1587 4553 1650 4620 erit

960 4655 982 4707 0
