4490 5990
674 695 840 764 raram
861 697 1155 784 omrnjroamo
1172 705 1248 787 prat
1578 707 1638 768 sor

284 885 344 942 aut
371 873 561 960 possidetur
582 871 656 938 sine
680 871 915 940 Reuocacione
936 877 994 940 aut
1018 855 1288 940 contradiccione
1306 861 1444 957 aliquali
1459 861 1567 940 nostri
1581 883 1641 942 aut

254 1037 258 1048 .
285 982 527 1048 Successorum
551 987 742 1044 nostrorum
767 977 928 1044 Faciendi
951 977 1028 1043 inde
1051 977 1229 1044 annuatim
1252 977 1332 1063 dictj
1361 977 1523 1062 magister
1542 979 1640 1044 Alex-

285 1083 390 1152 ander
413 1083 567 1150 muriella
589 1082 726 1148 thomas
754 1083 924 1148 Iohannes
947 1089 980 1147 et
1004 1081 1160 1166 georgius
1186 1103 1301 1148 eorum
1329 1082 1461 1148 diucius
1486 1083 1640 1149 viuentes

285 1191 474 1276 Suppremo
493 1187 629 1254 domino
650 1197 765 1254 nostro
781 1188 850 1273 regj
868 1187 1047 1254 seruicium
1064 1187 1262 1272 burgagium
1279 1189 1320 1254 de
1336 1187 1427 1254 dicta
1442 1198 1531 1254 terra
1550 1189 1639 1255 debi-

283 1301 357 1360 tum
373 1301 407 1360 et
423 1302 624 1361 consuetum
640 1302 804 1377 quantum
820 1292 965 1376 pertinet
981 1293 1024 1358 ad
1040 1293 1182 1358 eandem
1198 1293 1246 1358 Ac
1265 1293 1449 1358 Reddendo
1464 1293 1640 1377 capellano

284 1407 446 1484 perpetuo
472 1397 590 1464 altaris
616 1397 705 1482 beatj
733 1396 830 1482 elegij
855 1396 889 1462 in
916 1395 1007 1463 dicta
1034 1397 1177 1463 ecclesia
1203 1395 1333 1463 fundati
1357 1417 1460 1463 vnum
1488 1419 1638 1464 annuum

286 1501 469 1568 Redditum
485 1499 633 1586 quinque
651 1501 833 1568 solidorum
850 1511 883 1567 et
899 1521 958 1566 sex
975 1500 1189 1567 denariorum
1204 1501 1254 1566 Ac
1269 1501 1366 1568 nobis
1381 1509 1414 1566 et
1432 1501 1639 1569 Successori·

284 1607 347 1674 bus
379 1605 505 1672 nostris
534 1615 678 1690 quatuor
707 1605 890 1672 solidorum
915 1605 1043 1672 vsualis
1063 1614 1198 1672 monete
1229 1605 1338 1672 scocie
1367 1606 1419 1673 Ad
1449 1608 1534 1672 duos
1558 1607 1637 1694 annj

282 1709 447 1778 terminos
470 1709 606 1778 vsuales
631 1709 837 1796 penticostes
859 1710 1015 1778 videlicet
1037 1717 1071 1776 et
1096 1711 1212 1796 Sanctj
1239 1709 1375 1796 martinj
1400 1711 1435 1776 in
1457 1731 1554 1796 yeme
1580 1733 1640 1798 per

283 1813 421 1899 equales
449 1813 627 1900 porciones
652 1813 788 1880 nomine
814 1813 999 1881 feodifirme
1025 1813 1176 1880 Tantum
1201 1834 1262 1899 pro
1287 1813 1380 1880 omni
1406 1813 1473 1881 alio
1496 1815 1639 1883 seruicio

284 1916 426 2006 seculari
450 1919 630 1988 exaccione
656 1941 715 1987 seu
740 1921 907 1988 demanda
930 1923 1061 2006 quode
1084 1919 1234 2006 predicta
1257 1929 1347 1988 terra
1373 1919 1537 1987 interiore
1559 1941 1637 1990 eum

284 2023 356 2092 suis
370 2021 587 2112 pertinenciis
606 2025 797 2110 aliqualiter
816 2025 904 2112 exigj
928 2009 1053 2112 poterit
1075 2035 1134 2094 aut
1159 2025 1297 2111 Requirj
1320 2027 1367 2092 Et
1384 2047 1447 2092 nos
1461 2048 1540 2093 vero
1556 2027 1637 2114 dictj

283 2140 422 2198 curatus
444 2139 478 2198 et
502 2129 668 2216 capellani
692 2153 732 2199 ac
757 2133 977 2200 Successores
1000 2132 1107 2199 nostri
1129 2141 1239 2199 totam
1265 2141 1299 2198 et
1319 2131 1486 2217 integram
1512 2141 1637 2199 terram

284 2235 476 2302 interiorem
489 2244 703 2321 prenotatam
716 2257 792 2302 cum
810 2235 881 2303 suis
892 2235 1108 2322 pertinenciis
1120 2235 1258 2321 prelatis
1273 2235 1436 2321 magistro
1448 2235 1638 2302 Alexandro

282 2338 434 2406 murielle
454 2339 555 2406 matri
575 2359 635 2406 sue
654 2339 770 2406 thome
788 2340 892 2410 bisset
915 2340 1067 2408 Iohanne
1082 2341 1187 2408 bisset
1202 2349 1236 2408 et
1251 2340 1386 2426 georgio
1401 2339 1505 2407 bisset
1522 2361 1637 2408 eorum

282 2444 415 2512 diucius
428 2445 619 2512 viventibus
634 2445 669 2512 in
680 2447 837 2514 omnibus
852 2455 886 2514 et
901 2469 961 2532 per
976 2446 1090 2514 omnia
1106 2456 1143 2514 ut
1160 2446 1361 2532 premissum
1378 2457 1429 2514 est
1445 2469 1504 2533 per
1519 2468 1637 2516 omnes
1751 2521 1755 2530 ,

281 2559 390 2618 terras
414 2571 453 2618 ac
477 2551 708 2636 possessiones
731 2561 866 2620 nostras
889 2561 1008 2620 contra
1031 2574 1149 2619 omnes
1171 2553 1332 2620 mortales
1351 2553 1638 2622 vacantizabimus

282 2653 551 2740 acquietabimus
565 2663 598 2722 et
621 2657 873 2743 imperpetuum
894 2658 1123 2726 Delendemus
1145 2660 1185 2724 In
1206 2657 1302 2725 cuius
1324 2657 1386 2742 Rej
1403 2655 1636 2727 testimonium

282 2757 361 2827 huic
390 2759 538 2846 presentj
569 2770 662 2829 carte
691 2771 805 2829 nostre
835 2763 991 2849 Sigillum
1018 2771 1172 2830 nostrum
1207 2783 1386 2830 commune
1416 2773 1449 2831 et
1481 2765 1636 2852 Sigillum

281 2861 488 2930 honorabilis
512 2863 574 2950 virj
601 2865 717 2932 thome
743 2866 837 2934 leslie
862 2866 961 2934 vnius
987 2867 1188 2934 balliuorum
1214 2867 1294 2952 dictj
1324 2868 1419 2953 burgj
1443 2889 1483 2936 ac
1510 2869 1638 2936 datoris

282 2965 403 3033 Sasine
424 2965 617 3034 huiusmodi
632 2977 719 3036 terre
742 2980 821 3038 sunt
841 2988 992 3057 appensa
1007 2961 1097 3056 apud
1119 2971 1286 3038 Abirdene
1301 2981 1421 3058 quarto
1441 2973 1494 3040 die
1510 2975 1637 3041 mensis

283 3070 365 3156 Maij
386 3072 486 3137 Anno
505 3071 631 3158 dominj
654 3073 834 3141 millesimo
853 3075 1123 3162 quingentesimo
1140 3076 1247 3144 tercio
1269 3079 1392 3145 Coram
1417 3077 1582 3146 Discretis
1603 3089 1636 3148 et

280 3174 420 3242 famosis
434 3175 515 3242 viris
533 3177 695 3263 magistro
717 3179 835 3248 thoma
856 3181 994 3249 chamer
1014 3183 1150 3268 georgio
1165 3182 1269 3250 bisset
1289 3182 1435 3249 dominis
1450 3183 1637 3252 Wilhelmo
1754 3171 1758 3179 ¹

281 3279 494 3346 crukschank
517 3289 550 3348 et
574 3281 761 3350 Wilhelmo
785 3287 972 3352 andersone
995 3285 1180 3371 capellanis
1204 3285 1345 3372 patricio
1370 3287 1459 3353 Ross
1485 3288 1637 3356 Iohanne
1671 3317 1687 3336 ·

281 3383 380 3554 pagis
405 3383 558 3556 Irgranne
581 3385 647 3454 cuk
672 3390 857 3472 sergeando
883 3391 930 3456 Et
954 3389 1091 3457 domino
1116 3389 1269 3458 Iohanne
1295 3391 1480 3479 Stirueling
1505 3393 1637 3461 notario

281 3507 326 3572 pu
362 3507 415 3554 reo
461 3509 479 3556 e

900 3721 1015 3790 LVII'.

279 3855 443 3923 Fundacio
468 3857 589 3945 dominj
605 3834 757 3926 iohannis
774 3867 851 3950 prat
873 3861 1026 3950 capellani
1044 3861 1168 3928 Altaris
1186 3867 1362 3930 sanctorum
1386 3861 1484 3930 thom
1507 3863 1637 3952 apostoli
1655 3881 1760 3936 r01.40¹

408 3969 436 4028 et
452 3963 578 4052 georges·
593 3965 735 4032 martiris
752 3967 789 4034 dc
806 3989 911 4036 annuo
927 3967 1051 4035 redditu
1068 3967 1166 4034 decim
1182 3967 1354 4035 solidorum
1370 3975 1506 4054 sequente

284 4103 556 4265 OMNIBUS
572 4105 660 4174 hanc
672 4116 801 4176 cartam
813 4107 935 4176 visuris
949 4109 1002 4177 vel
1018 4107 1183 4178 audituris
1195 4109 1364 4176 Dominus
1377 4109 1548 4178 Iohannes
1559 4119 1635 4197 prat

242 4277 247 4284 ,
413 4209 608 4294 capellanus
623 4211 782 4280 altarium
797 4223 915 4282 sancte
930 4213 1039 4282 crucis
1055 4235 1096 4282 ac
1114 4215 1289 4282 beatorum
1304 4216 1420 4284 thome
1440 4215 1585 4302 apostoli
1601 4225 1635 4284 et

279 4312 413 4398 georgei
433 4313 581 4382 martiris
601 4315 687 4384 infra
707 4319 885 4388 ecclesiam
909 4319 1136 4406 parochialem
1161 4319 1270 4388 sancti
1291 4321 1449 4407 nicholaij
1472 4324 1512 4388 de
1533 4322 1634 4389 Aber-

279 4420 364 4486 dene
390 4419 606 4497 situatorum¹
619 4424 783 4493 Etemarn
807 4424 842 4492 in
872 4425 1009 4494 domino
1039 4426 1183 4494 salutem
1210 4427 1297 4496 Cum
1324 4449 1443 4494 omnes
1469 4426 1635 4494 stabimus

279 4532 358 4590 ante
380 4524 527 4592 tribunal
550 4527 677 4594 domini
700 4529 806 4598 nostri
821 4530 918 4598 ihesu
934 4530 1052 4600 christi
1070 4529 1142 4601 siue
1162 4533 1287 4600 bonum
1303 4531 1376 4599 siue
1392 4531 1520 4600 malum
1535 4531 1634 4600 fuerit

182 4663 185 4669 ·
278 4629 444 4714 recepturi
475 4640 573 4714 prout
600 4632 635 4698 in
661 4653 798 4720 corpore
824 4635 993 4721 gessimus
1023 4637 1132 4722 Igitur
1156 4635 1245 4703 diem
1272 4637 1412 4704 extremi
1442 4635 1555 4723 iudicij
1582 4659 1636 4704 ex·
