4472 5992
688 635 830 704 Dorotio
853 637 1023 704 Terrarum
1044 636 1080 703 dr
1102 637 1220 724 Crocys
1619 655 1638 724 5

275 809 547 880 mercandizandi
564 811 618 880 vel
641 810 675 878 in
698 810 910 879 excambium
933 821 993 878 aut
1016 811 1115 878 aliter
1137 809 1350 897 permutandi
1374 820 1445 878 tarn
1469 811 1638 878 extraneis

275 915 428 1002 personis
450 925 484 983 et
506 935 574 982 non
597 913 710 985 liberis
733 937 835 1000 quam
858 914 1112 1000 quibuscunque
1136 915 1211 982 aliis
1234 913 1386 1002 personis
1405 924 1438 982 et
1459 926 1530 982 tarn
1553 915 1638 983 inira

275 1029 428 1089 nostrum
457 1023 613 1107 Regnum
640 1043 742 1108 quarn
769 1032 864 1090 extra
894 1021 1112 1088 mercimonia
1142 1021 1292 1108 predicta
1323 1019 1413 1088 Salis
1438 1031 1472 1088 et
1499 1022 1637 1106 pellium

275 1127 403 1212 absque
425 1147 626 1213 quacunque
649 1137 807 1196 custuma
833 1149 893 1214 per
915 1127 1008 1214 ipsos
1030 1137 1207 1194 extraneos
1230 1137 1289 1194 aut
1312 1125 1398 1194 alios
1421 1147 1638 1212 quoscunque

276 1229 531 1317 quibuscunque
554 1231 676 1298 futuris
698 1231 907 1318 temporibus
933 1231 1156 1317 persoluenda
1181 1233 1235 1298 Ita
1258 1233 1346 1316 quod
1370 1231 1411 1297 de
1434 1229 1534 1298 dictis
1560 1232 1639 1298 Sale

276 1347 310 1403 et
326 1337 470 1422 pellibus
488 1357 548 1422 per
566 1336 659 1422 ipsos
677 1347 854 1404 extraneos
870 1357 890 1404 a
905 1336 1031 1404 nostris
1046 1335 1269 1422 burgensibus
1289 1335 1493 1422 supradictis
1515 1337 1639 1423 emptis

277 1463 336 1510 seu
347 1441 522 1528 acquisitis
531 1443 699 1512 Custuma
708 1443 903 1510 nullatenus
912 1442 1123 1528 persoluetur
1134 1441 1208 1508 Nisi
1221 1451 1356 1510 tanturn
1367 1463 1472 1528 parua
1482 1453 1640 1510 costuma

277 1569 336 1633 per
350 1547 442 1633 ipsos
462 1557 639 1616 extraneos
654 1557 688 1616 et
703 1568 771 1615 non
794 1547 916 1616 liberos
936 1546 1036 1616 dictis
1057 1547 1278 1633 burgensibus
1294 1557 1327 1614 et
1343 1545 1579 1615 communitati
1598 1549 1639 1616 de

278 1651 379 1721 dictis
399 1653 471 1721 sale
486 1663 519 1722 et
535 1653 679 1740 pellibus
696 1651 888 1722 Retroactis
906 1652 1115 1740 temporibus
1130 1652 1297 1720 hactenus
1316 1653 1430 1721 debita
1444 1662 1478 1720 et
1494 1651 1639 1738 persolui

277 1767 439 1826 consueta
469 1759 582 1846 Quare
614 1757 780 1826 uniuersis
808 1767 842 1824 et
873 1756 1015 1844 singulis
1049 1777 1190 1842 quorum
1221 1756 1361 1823 interest
1390 1755 1443 1822 vel
1477 1755 1639 1824 interesse

278 1862 400 1948 poterit
426 1863 543 1932 stricte
572 1862 786 1950 precipiendo
817 1863 1020 1930 mandamus
1050 1871 1218 1946 quatenus
1247 1859 1281 1926 in
1313 1859 1518 1929 contrarium
1550 1860 1640 1928 dicte
1681 1917 1685 1924 .

278 1976 392 2034 nostre
424 1967 616 2036 donationis
645 1965 893 2036 exonerationis
919 1975 952 2033 et
979 1963 1288 2052 quittclamacionis
1318 1965 1512 2032 nullatenus
1541 1965 1640 2032 deue-

277 2071 348 2140 nire
375 2084 571 2158 presumant
598 2095 657 2140 seu
680 2095 796 2140 eorum
821 2071 944 2158 aliquis
967 2071 1124 2138 deuenire
1146 2079 1320 2158 presumat
1347 2071 1410 2138 sub
1436 2067 1529 2137 omni
1552 2092 1640 2156 pena

278 2197 380 2262 quam
403 2199 483 2264 erga
505 2187 656 2246 nostram
674 2178 817 2265 Regiam
834 2177 1002 2244 incurrere
1025 2175 1171 2262 poterint
1194 2197 1255 2246 scu
1278 2175 1401 2261 poterit
1425 2175 1639 2243 maiestatem

280 2283 321 2350 In
347 2281 445 2352 cuius
473 2283 521 2352 rei
546 2283 780 2353 testimonium
811 2283 1023 2370 presentibus
1053 2281 1159 2350 literis
1189 2302 1249 2369 pro
1278 2290 1440 2366 perpetuo
1470 2281 1640 2350 duraturis

278 2397 431 2458 nostrum
453 2410 614 2476 magnum
637 2389 793 2476 Sigillum
817 2388 940 2474 apponi
964 2387 1176 2474 precepimus
1198 2385 1359 2454 'restibus
1383 2388 1582 2454 Reuerendo
1605 2386 1639 2453 in

278 2491 415 2562 Christo
435 2503 531 2580 patre
546 2493 721 2562 Willelmo
742 2493 914 2579 Episcopo
935 2491 1139 2578 Glasguensi
1156 2491 1330 2560 Willelmo
1351 2489 1488 2558 domino
1504 2491 1639 2560 Creich·

278 2605 383 2666 toune
408 2607 524 2666 nostro
551 2597 753 2666 cancellario
778 2607 812 2664 et
838 2595 1090 2682 consanguineo
1120 2595 1303 2682 predilecto
1328 2595 1472 2662 Dilectis
1499 2617 1640 2664 consan-

279 2700 412 2788 guineis
427 2701 552 2770 nostris
563 2704 698 2770 Andrea
713 2701 850 2770 domino
866 2703 897 2769 le
912 2723 994 2789 gray
1007 2699 1170 2788 magistro
1185 2699 1326 2786 hospicij
1344 2697 1450 2767 nostri
1466 2701 1641 2768 Willelmo

280 2807 417 2875 domino
440 2807 626 2876 Somervile
646 2807 836 2876 Alexandro
858 2809 900 2876 de
922 2827 1028 2874 narne
1050 2808 1092 2874 de
1115 2805 1304 2874 Sandfurde
1326 2814 1517 2872 nostrorum
1541 2807 1641 2874 Corn-

281 2918 438 2996 putorum
470 2912 670 2980 Rotulatore
696 2921 729 2978 et
756 2910 919 2997 magistro
950 2909 1096 2996 Georgio
1124 2911 1166 2977 de
1196 2908 1409 2976 Schoriswod
1440 2909 1641 2990 cancellario

283 3015 515 3084 Dunkeldensi
530 3015 652 3084 clerico
672 3025 787 3084 nostro
801 3017 900 3101 Apud
916 3014 1107 3100 Striuelyne
1124 3017 1226 3081 Sexto
1238 3013 1292 3080 die
1308 3013 1435 3080 mensis
1455 3014 1642 3082 decembris

214 3125 221 3138 '
280 3121 380 3187 Anno
402 3119 529 3188 domini
554 3119 734 3188 millesimo
760 3119 1092 3206 quadringentesimo
1118 3117 1397 3204 quinquagesimo
1423 3120 1571 3186 secundo
1594 3119 1641 3186 Et

282 3222 392 3308 Regni
414 3223 521 3292 nostri
543 3223 676 3292 decimo
698 3234 793 3292 sexto

941 3501 985 3568 V.

296 3623 408 3690 Litora
422 3622 598 3690 donationis
614 3630 767 3690 terrarum
782 3623 818 3690 de
834 3623 950 3710 Crocus
960 3630 1018 3712 per
1031 3623 1052 3689 I
1052 3624 1180 3690 acobum
1196 3623 1320 3690 tertium
1335 3625 1497 3692 Scotorum
1511 3627 1629 3714 Regem

369 3745 811 3832 [1]ACOBUSdeigratia
832 3749 906 3816 Rex
926 3749 1105 3816 Scotorum
1121 3747 1286 3816 'omnibus
1312 3747 1426 3834 probis
1449 3748 1643 3818 hominibus

282 3849 392 3920 tocius
407 3861 494 3920 terre
512 3873 572 3920 sue
592 3851 723 3920 clericis
738 3862 771 3920 et
787 3851 883 3920 laicis
898 3853 1042 3920 salutern
1064 3851 1189 3920 Sciatis
1204 3874 1266 3920 nos
1282 3853 1415 3921 dedisse
1435 3853 1643 3923 concessisse

283 3965 316 4022 et
328 3956 393 4024 hac
406 3956 553 4042 presenti
568 3965 663 4024 carta
675 3967 791 4024 nostra
806 3958 1025 4026 confirmasse
1040 3957 1173 4026 dilectis
1188 3957 1314 4026 nostris
1325 3957 1496 4044 preposito
1508 3959 1644 4030 balliuis

283 4061 479 4129 consulibus
501 4069 535 4130 et
558 4061 794 4129 communitati
817 4061 912 4148 burgi
936 4061 1041 4129 nostri
1065 4063 1106 4130 de
1121 4063 1295 4130 Aberdene
1317 4071 1425 4132 terras
1443 4064 1485 4132 de
1503 4065 1644 4150 Crwuys

284 4185 362 4232 cum
392 4165 604 4252 pertinentiis
629 4163 778 4234 iacentes
808 4165 894 4234 inira
918 4165 1194 4234 vicecomitatum
1224 4177 1377 4234 nostrum
1404 4169 1446 4234 de
1468 4168 1644 4236 Aberdene

284 4271 494 4357 Quequidem
531 4280 619 4338 terre
655 4291 732 4338 curn
770 4269 982 4356 pertinentiis
1012 4271 1146 4340 fuerunt
1183 4271 1296 4339 dilecti
1334 4271 1439 4339 nostri
1482 4272 1644 4340 Iohannis

284 4375 494 4462 bannyrman
516 4377 559 4444 de
574 4375 709 4444 Alesilre
731 4375 932 4443 hereditarie
955 4379 1001 4443 Et
1024 4399 1109 4462 quas
1131 4375 1220 4444 idern
1245 4377 1416 4444 Iohannes
1438 4397 1505 4444 non
1528 4377 1561 4443 vi
1584 4387 1644 4445 aut

285 4489 378 4547 metu
400 4482 523 4548 ductus
544 4499 606 4548 nec
626 4501 736 4548 errore
756 4481 873 4568 lapsus
893 4489 944 4549 set
966 4501 1028 4550 sua
1046 4503 1139 4550 mera
1157 4491 1191 4550 et
1210 4491 1398 4567 spontanea
1413 4481 1588 4550 voluntate
1609 4481 1643 4548 in

286 4603 408 4652 manus
422 4589 564 4656 nostras
576 4587 665 4670 apud
685 4585 866 4654 Striueline
885 4607 998 4654 coram
1018 4585 1217 4670 subscriptis
1237 4585 1382 4654 testibus
1397 4608 1455 4672 per
1468 4587 1592 4653 fustem
1611 4594 1644 4654 et
