4472 5992
867 677 1061 764 Fragmenta
1601 695 1640 744 21
1663 683 1666 688 “

284 867 318 924 et
339 857 436 924 beate
460 854 564 924 marie
579 851 699 940 virgini
720 862 754 920 et
775 851 932 920 omnibus
955 849 1083 918 sanctis
1102 859 1136 918 et
1157 849 1256 917 altari
1279 851 1454 918 beatorum
1478 849 1639 937 laurencij

284 962 432 1030 martiris
447 973 481 1030 ct
498 959 637 1028 Niniani
655 955 857 1028 confessoris
872 957 906 1024 in
922 957 1025 1025 choro
1040 958 1138 1024 beate
1159 955 1263 1024 marie
1278 954 1417 1042 virginis
1437 955 1592 1024 dedicato
1608 964 1641 1023 et

284 1066 411 1134 situato
442 1067 476 1133 in
508 1065 653 1134 ecclesia
680 1063 770 1132 beati
800 1062 947 1131 nicholai
982 1065 1024 1130 de
1051 1064 1225 1130 Aberdene
1252 1071 1327 1130 octo
1355 1083 1487 1130 marcas
1514 1061 1642 1130 vsualis

285 1182 420 1240 monete
456 1172 694 1258 sterlingorum
732 1168 908 1238 annuatim
941 1167 1230 1255 percipiendorum
1265 1169 1307 1236 ad
1341 1167 1519 1236 cuiuslibet
1551 1167 1641 1234 Anni

284 1277 448 1345 terminos
474 1278 620 1346 Vsuales
644 1277 686 1344 ad
712 1275 958 1342 inueniendum
985 1295 1088 1341 vnum
1116 1273 1329 1360 capellanum
1355 1275 1524 1359 ydoneum
1551 1271 1642 1340 dicto

285 1381 384 1450 altari
407 1393 568 1469 perpetuo
591 1381 794 1450 seruiturum
818 1382 918 1448 etad
941 1379 1181 1448 inueniendum
1208 1379 1395 1452 honestum,
1413 1377 1578 1446 luminare
1601 1401 1641 1447 ac

286 1485 400 1553 omnia
429 1496 629 1554 ornamenta
658 1485 749 1554 dicto
779 1484 877 1553 altari
907 1483 1147 1562 incumbencia¹
1166 1483 1201 1550 in
1228 1505 1314 1569 pane
1341 1493 1375 1551 et
1401 1483 1480 1550 vino
1506 1494 1539 1552 et
1565 1483 1641 1552 aliis

286 1589 451 1658 Videlicet
482 1590 705 1678 quadraginta
735 1589 860 1658 solidos
886 1592 927 1659 de
953 1599 1042 1658 terra
1068 1592 1110 1659 de
1136 1591 1166 1657 le
1193 1589 1382 1659 Wattirton
1409 1611 1512 1677 prope
1528 1591 1640 1658 'Ellon

286 1715 387 1778 quam
408 1695 599 1766 laurencius
619 1699 661 1766 de
678 1697 749 1784 ioty
763 1696 940 1784 burgensis
955 1698 996 1764 de
1012 1697 1186 1764 Aberdene
1201 1697 1242 1764 de
1259 1717 1312 1762 me
1328 1695 1528 1764 hereditarie
1549 1706 1641 1766 tenet

286 1801 332 1868 Et
354 1801 532 1869 tresdecim
553 1801 680 1870 solidos
699 1813 733 1870 et
754 1812 898 1888 quatuor
917 1801 1073 1870 denarios
1089 1803 1130 1870 de
1146 1800 1203 1868 illo
1219 1801 1326 1868 crofto
1346 1823 1445 1886 quem
1462 1803 1642 1870 alexander

286 1903 375 1972 filius
391 1905 555 1973 Willelmi
576 1909 617 1977 de
639 1929 693 1976 me
713 1918 806 1974 tenet
827 1907 861 1974 in
882 1907 956 1976 vico
976 1910 1018 1974 de
1037 1909 1109 1994 loty
1127 1906 1212 1974 inira
1232 1905 1436 1974 territorium
1460 1908 1640 1975 croftorum

285 2009 435 2079 eiusdem
451 2011 516 2079 vici
532 2023 565 2080 et
581 2013 699 2100 viginti
719 2014 843 2082 solidos
859 2015 900 2080 de
915 2011 983 2080 illis
998 2014 1129 2081 duabus
1149 2011 1323 2098 perticalis
1342 2020 1429 2078 terre
1445 2033 1486 2078 ex
1500 2020 1641 2098 utraque

286 2125 380 2201 parte
396 2125 483 2184 terre
499 2139 573 2184 mee
589 2119 720 2205 proprie
736 2141 838 2204 quam
854 2118 1006 2186 inhabito
1022 2119 1056 2184 in
1073 2117 1273 2186 occidentali
1289 2127 1384 2203 parte
1396 2115 1460 2183 vici
1471 2116 1640 2184 furcarum

286 2221 510 2290 collateratim
534 2223 722 2293 iacentibus
749 2247 832 2310 quas
858 2223 1041 2311 perticatas
1063 2233 1151 2290 terre
1178 2224 1220 2290 de
1248 2244 1302 2289 me
1330 2231 1422 2288 tenet
1450 2221 1642 2290 heriditarie

288 2328 457 2396 Dominus
470 2329 640 2398 Iohannes
652 2333 692 2398 de
705 2333 892 2418 melgdrum
908 2330 1105 2416 capellanus
1120 2327 1209 2395 filius
1222 2349 1318 2394 meus
1330 2337 1363 2394 et
1374 2325 1541 2412 fergusius
1553 2325 1643 2393 filius

287 2435 459 2502 alexandri
482 2437 658 2522 burgensis
673 2439 714 2504 de
730 2439 895 2504 aberdene
917 2438 963 2503 Et
984 2459 1043 2504 sex
1058 2434 1183 2502 solidos
1202 2443 1235 2501 et
1254 2443 1331 2500 octo
1352 2431 1507 2498 denarios
1525 2433 1566 2498 de
1585 2429 1642 2498 illo

287 2550 481 2610 tenemento
508 2545 596 2627 quod
625 2542 794 2610 Iohannes
820 2541 909 2610 filius
939 2541 1040 2610 culini
1067 2539 1243 2626 burgensis
1269 2540 1310 2606 de
1336 2535 1494 2604 abirdene
1520 2538 1561 2604 de
1589 2557 1643 2603 mc

288 2645 487 2716 hereditarie
516 2657 609 2715 tenet
636 2648 671 2713 in
697 2647 771 2714 vico
796 2649 838 2715 de
864 2649 896 2716 le
921 2669 1023 2734 grene
1051 2649 1097 2714 Et
1123 2643 1242 2731 viginti
1273 2665 1330 2711 sex
1361 2642 1486 2709 solidos
1509 2651 1543 2708 et
1566 2653 1643 2710 octo

160 2776 169 2786 “
288 2750 443 2819 denarios
463 2753 699 2838 sterlingorum
721 2755 762 2820 de
781 2763 871 2821 terra
892 2775 968 2820 mea
986 2755 1027 2820 de
1048 2751 1263 2838 Ardechoyrk
1286 2747 1371 2815 inira
1394 2747 1581 2816 dominium
1602 2749 1644 2818 de

288 2855 476 2942 melgdrum
499 2858 587 2925 Volo
609 2858 717 2926 eciam
740 2869 774 2926 et
797 2881 856 2945 per
878 2867 1052 2945 presentes
1073 2858 1221 2924 concedo
1249 2877 1308 2942 pro
1332 2875 1386 2922 me
1408 2863 1442 2922 et
1466 2855 1645 2924 heredibus

289 2960 374 3028 meis
393 2963 481 3047 quod
497 2961 738 3032 Aldirmannus
753 2974 897 3050 quatuor
912 2962 1028 3032 balliui
1043 2973 1077 3030 et
1093 2971 1348 3030 conseruatores
1362 2959 1487 3028 fabrice
1502 2960 1644 3030 ecclesie

288 3067 378 3136 beati
399 3067 545 3136 nicholai
569 3069 760 3156 supradicte
776 3070 832 3156 qui
848 3091 908 3156 pro
923 3081 1074 3155 tempore
1088 3067 1211 3136 luerint
1235 3067 1383 3134 habeant
1399 3074 1433 3132 et
1449 3063 1643 3150 possideant

288 3171 439 3242 redditus
454 3173 679 3260 predictarum
693 3185 769 3244 octo
781 3197 969 3244 mercarum
982 3177 1024 3244 ad
1037 3173 1276 3242 inueniendum
1289 3169 1417 3240 dictum
1430 3170 1643 3256 capellanum

287 3279 457 3362 ydoneum
469 3279 619 3367 predicto
629 3280 727 3349 altari
737 3291 898 3368 perpetuo
911 3280 1113 3349 semitutum
1125 3281 1225 3347 modo
1235 3287 1268 3346 ct
1277 3279 1386 3346 forma
1398 3276 1600 3362 supradictis
1610 3274 1644 3342 in

289 3381 406 3450 christi
419 3384 629 3454 ordinatione
642 3386 802 3474 Episcopi
819 3385 1057 3456 aberdonensis
1067 3385 1123 3472 qui
1136 3407 1196 3472 pro
1211 3395 1362 3470 tempore
1374 3381 1473 3448 fuerit
1489 3381 1573 3448 adeo
1585 3379 1645 3449 lib·

289 3509 344 3556 ere
354 3498 388 3556 et
399 3489 510 3575 quiete
525 3491 674 3578 plenarie
686 3503 720 3560 et
732 3493 914 3562 honorifice
931 3492 1017 3560 sicut
1030 3491 1139 3561 dictas
1150 3501 1258 3559 terras
1273 3499 1306 3557 ct
1322 3487 1474 3556 redditus
1491 3495 1645 3574 prenota-

289 3602 343 3660 tas
353 3595 394 3662 de
407 3615 499 3663 mero
508 3607 695 3684 conquestu
705 3599 758 3666 dei
768 3609 801 3667 et
814 3599 880 3666 mei
893 3590 1031 3686 presen's
1040 3598 1106 3665 emi
1118 3597 1211 3666 tenui
1224 3607 1256 3664 et
1270 3593 1404 3681 possedi
1420 3597 1475 3662 Ita
1485 3595 1573 3679 quod
1582 3614 1645 3662 nec

289 3720 352 3784 ego
367 3719 429 3769 nec
446 3701 585 3771 heredes
601 3704 667 3771 mei
683 3715 742 3772 aut
758 3705 879 3792 aliquis
895 3705 948 3772 uel
968 3705 1069 3790 aliquj
1088 3725 1128 3771 ex
1144 3711 1239 3789 parte
1255 3711 1371 3768 nostra
1387 3697 1421 3766 in
1437 3697 1537 3766 dictis
1548 3695 1646 3765 terris

289 3804 341 3870 vel
353 3805 538 3876 redditibus
551 3807 685 3895 aliquod
699 3813 758 3878 Ius
769 3812 823 3880 uel
836 3809 1004 3880 clameum
1016 3811 1058 3877 de
1070 3819 1180 3876 cetero
1193 3807 1323 3893 exigere
1336 3805 1390 3873 uel
1400 3803 1578 3872 vendicare
1589 3824 1645 3890 po-

289 3908 431 3979 terimus
442 3933 504 3982 nec
517 3917 752 4000 quoquomodo
764 3939 784 3983 a
797 3915 939 3983 seruicio
951 3913 1091 4002 predicti
1104 3911 1221 3980 altaris
1234 3911 1381 3978 alienare
1393 3907 1427 3976 in
1439 3908 1551 3975 futuro
1562 3907 1645 3974 Sub-

290 4013 421 4085 iciendo
437 4041 490 4086 me
503 4029 536 4086 et
549 4021 689 4088 heredes
705 4043 799 4089 meos
814 4021 848 4088 in
882 4071 890 4088 .
924 4071 932 4088 .
965 4020 1092 4088 domini
1110 4011 1270 4106 Episcopi
1287 4012 1526 4085 aberdonensis
1538 4011 1646 4080 archi·

290 4121 422 4190 diaconi
437 4125 490 4192 vel
507 4127 582 4192 offic
621 4175 629 4192 .
669 4175 677 4192 .
715 4127 918 4195 eiusdemac
958 4175 1206 4193 ......
1244 4123 1300 4209 qui
1313 4143 1372 4208 pro
1384 4133 1535 4206 tempore
1547 4117 1646 4186 fuerit

289 4249 354 4312 que
369 4227 461 4297 licite
475 4232 605 4316 possint
624 4233 678 4298 uel
699 4255 786 4300 vnus
832 4277 1282 4298 .........
1327 4226 1426 4294 luerit
1447 4223 1520 4292 sine
1542 4245 1646 4290 causa

1298 4354 1360 4401 nas
1384 4341 1518 4400 nostras
1542 4351 1647 4398 conce

667 4549 856 4616 intermedia
869 4555 945 4636 pars
963 4549 1054 4616 huius
1072 4555 1174 4614 cartae
1192 4547 1271 4613 deest
