4490 5990
565 719 729 786 Fundacio
751 719 929 788 Alexandri
951 721 987 788 de
1009 723 1126 808 Iruync
1147 723 1184 790 de
1207 723 1317 792 beldeis
1577 747 1620 812 99

260 893 452 979 aliqualiter
469 892 555 978 exigi
571 891 693 980 poterit
708 901 768 962 aut
783 892 904 980 requiri
928 895 974 962 Et
995 915 1058 982 ego
1079 917 1158 962 vero
1180 895 1292 966 dictus
1311 899 1464 968 Andreas
1479 899 1620 969 heredes

263 997 329 1066 mei
345 1007 378 1064 et
394 996 558 1083 assignati
580 1005 672 1064 totos
694 1007 728 1064 et
750 995 899 1083 integros
922 1019 1054 1067 annuos
1076 999 1227 1069 redditus
1249 1002 1431 1088 prelibatus
1451 1025 1528 1073 curn
1550 1005 1621 1074 suis

263 1101 481 1188 pertinenciis
500 1101 629 1188 prelato
649 1099 786 1168 domino
810 1099 955 1168 Iohanni
978 1111 1011 1170 et
1035 1101 1105 1170 suis
1129 1104 1388 1174 Successoribus
1408 1107 1443 1172 in
1464 1109 1621 1176 omnibus

263 1213 296 1274 et
313 1227 371 1292 per
386 1203 500 1272 omnia
514 1213 551 1270 vt
567 1203 768 1290 premissum
784 1213 835 1271 est
852 1225 912 1290 per
926 1225 1044 1272 omnes
1059 1216 1167 1274 terras
1183 1229 1223 1276 ac
1239 1209 1470 1294 possessiones
1485 1221 1621 1280 nostras

263 1317 382 1377 contra
397 1329 515 1375 omnes
533 1307 695 1374 mortales
716 1305 1010 1376 varantizabimus·
1026 1309 1293 1396 acquietabimus
1308 1321 1342 1380 et
1366 1315 1621 1402 Imperpetuum

263 1411 481 1482 defendemus
497 1411 538 1476 In
557 1409 653 1478 cuius
672 1409 720 1476 rei
735 1409 967 1478 testimonium
988 1411 1067 1480 huic
1087 1416 1234 1501 presentj
1257 1419 1358 1485 Carte
1374 1439 1447 1486 mee
1464 1419 1620 1506 Sigillum

265 1537 378 1584 meum
401 1525 435 1584 et
458 1513 616 1600 Sigillum
631 1515 837 1584 honorabilis
853 1515 915 1582 viri
938 1517 1070 1604 patricij
1092 1518 1186 1586 leslie
1208 1520 1307 1588 vnius
1323 1522 1523 1592 balliuorum
1540 1525 1621 1596 dicti

264 1619 360 1705 burgi
380 1641 420 1688 ac
444 1619 583 1688 Daton's
605 1619 718 1688 sasine
738 1619 930 1689 huiusmodi
953 1622 1055 1708 annuj
1080 1623 1230 1692 redditus
1253 1635 1332 1694 sunt
1353 1649 1503 1714 appensa
1522 1632 1622 1718 Apud

265 1723 430 1820 Abirdene
446 1733 565 1809 quarto
581 1723 634 1792 die
650 1724 776 1792 mensis
793 1725 881 1810 Iunij
900 1728 999 1794 Anno
1014 1727 1140 1820 domini
1157 1727 1337 1798 millesimo
1352 1731 1622 1819 quingentesimo

265 1829 383 1919 quinto
414 1831 537 1899 Coram
566 1829 706 1898 famosis
734 1831 815 1898 viris
846 1831 983 1900 domino
1013 1833 1113 1901 dauid
1144 1833 1212 1902 liell
1242 1835 1397 1904 Waltero
1426 1838 1622 1908 Wischeart

267 1937 414 2004 Roberto
426 1935 483 2022 pip
493 1935 668 2004 Willelmo
679 1935 899 2004 nicholsoune
912 1937 1063 2006 Iohanne
1076 1938 1248 2008 matlande
1257 1940 1479 2026 burgensibus
1488 1945 1623 2012 Andrea

266 2039 416 2108 Nauchti
432 2041 624 2126 Sergeando
639 2039 776 2108 domino
792 2039 945 2108 Iohanne
961 2041 1145 2128 Stirueling
1160 2043 1302 2111 Notario
1317 2043 1451 2130 publico
1462 2066 1529 2114 vna
1544 2068 1622 2118 cum

266 2143 377 2230 sigillo
402 2144 516 2212 Dauid
532 2167 668 2230 murray
682 2145 741 2230 filij
757 2143 833 2231 ¹mei
851 2154 884 2212 et
902 2146 1035 2214 heredis
1049 2147 1244 2233 apparentis
1258 2148 1293 2214 in
1312 2147 1446 2234 signum
1470 2150 1522 2218 sui
1545 2172 1622 2218 con·

266 2269 386 2316 sensus
401 2259 434 2316 ct
455 2271 615 2318 assensus
632 2251 775 2335 Insuper
789 2249 900 2318 dictus
915 2251 1072 2318 dominus
1089 2251 1259 2320 Iohannes
1278 2261 1311 2320 et
1329 2253 1381 2322 sui
1403 2255 1623 2323 Successores

266 2352 439 2426 inuenient
468 2375 570 2422 vnam
601 2355 782 2441 lampidem
809 2357 982 2423 ardentem
1012 2365 1045 2424 et
1072 2356 1139 2424 alia
1168 2356 1347 2425 luminaria
1377 2359 1420 2426 ad
1455 2359 1621 2444 prelatum

267 2460 373 2528 altare
393 2460 563 2546 perpetuis
583 2460 791 2546 temporibus
810 2461 931 2529 luturis
950 2471 987 2530 vt
1005 2461 1109 2529 moris
1126 2471 1177 2530 est
1195 2463 1238 2530 ad
1256 2449 1462 2530 alia‘altcria
1482 2463 1622 2532 lundata

266 2565 302 2632 in
319 2565 410 2634 dicta
427 2565 571 2633 ecclesia

355 2672 497 2738 Summa
513 2670 614 2738 huius
629 2693 704 2738 xxs
728 2721 736 2737 .
762 2718 770 2738 .
795 2720 804 2736 .

907 2930 981 2996 LV.

314 3091 353 3138 10
370 3071 483 3138 mritis
498 3069 617 3156 sundal
633 3067 738 3135 zcirlie
756 3067 789 3134 be
807 3065 855 3132 tha
869 3067 975 3132 Laird
991 3067 1028 3152 os
1039 3067 1146 3132 Drum
1163 3073 1193 3132 to
1211 3066 1258 3132 the
1274 3065 1411 3156 Chcplcm
1431 3067 1469 3154 os
1483 3068 1580 3135 Sanct
1643 3085 1749 3140 t01.tu¹

813 3173 849 3240 N
850 3172 970 3239 inimus
988 3171 1072 3238 altor

352 3313 618 3384 LEXANDER
651 3311 773 3396 Iruyne
803 3309 845 3376 de
874 3309 971 3374 drurn
993 3306 1090 3374 miles
1109 3305 1242 3374 dilectis
1264 3305 1349 3374 meis
1371 3306 1560 3376 Alexandro
1582 3309 1624 3375 de

251 3405 254 3412 ¹
395 3421 519 3505 Iruyne
544 3419 586 3484 de
611 3415 739 3486 beldeis
764 3423 797 3480 et
820 3413 936 3481 thome
963 3412 1093 3498 smytht
1120 3411 1254 3480 balliuis
1276 3412 1362 3480 meis
1384 3413 1418 3478 in
1441 3413 1506 3481 hac
1529 3423 1625 3499 parte

270 3525 414 3592 salutem
430 3523 509 3608 quia
524 3521 600 3590 dedi
615 3531 649 3589 ct
664 3518 816 3588 concessi
827 3520 890 3586 deo
901 3528 935 3586 et
948 3519 1044 3586 beate
1056 3517 1161 3584 marie
1172 3517 1292 3604 virginj
1309 3539 1349 3586 ac
1365 3519 1464 3586 beato
1477 3515 1626 3586 Niniano

270 3627 451 3696 confessori
469 3625 615 3713 glorioso
632 3634 666 3692 et
684 3624 841 3692 omnibus
856 3623 984 3692 sanctis
999 3645 1130 3692 necnon
1145 3622 1202 3690 vni
1220 3623 1395 3708 capellano
1410 3621 1525 3690 diuina
1541 3622 1625 3690 cele-

270 3731 380 3802 branti
410 3741 444 3800 et
474 3753 534 3817 pro
563 3739 724 3818 perpetuo
752 3731 952 3798 celibraturo
979 3730 1023 3798 ad
1051 3729 1157 3796 altare
1190 3727 1340 3796 eiusdem
1375 3727 1463 3813 beatj
1495 3727 1623 3814 ninianj

271 3839 434 3906 situatum
451 3837 485 3904 in
501 3836 643 3904 ccclesia
662 3835 846 3922 parochiali
864 3835 952 3920 beatj
970 3834 1128 3919 nicholaij
1146 3833 1241 3918 burgj
1259 3835 1300 3900 dc
1315 3831 1507 3900 Abirdenne
1520 3853 1625 3900 vnum

270 3965 421 4012 annuum
439 3941 621 4009 Redditum
631 3940 740 4008 decim
757 3961 944 4007 marcarum
961 3959 1037 4006 cum
1054 3936 1271 4023 pertinenciis
1282 3937 1464 4004 leuandum
1476 3938 1517 4003 de
1528 3936 1627 4004 terris

272 4047 356 4113 meis
371 4049 413 4114 de
428 4047 462 4132 ly
476 4045 560 4131 park
575 4048 616 4112 de
632 4046 728 4113 drum
741 4053 775 4112 et
790 4045 831 4111 de
847 4043 1031 4113 bodaracht
1043 4063 1121 4110 cum
1136 4041 1352 4128 pertinenciis
1367 4050 1465 4126 prout
1482 4040 1516 4106 in
1532 4050 1626 4109 carta

271 4156 414 4238 desuper
436 4152 588 4220 conlecta
611 4151 744 4237 plenius
767 4148 958 4216 continetur
981 4150 1024 4216 ad
1048 4169 1151 4233 quam
1178 4145 1401 4232 capellaniam
1425 4167 1502 4213 cum
1526 4147 1626 4231 perti·

270 4257 400 4324 nenciis
429 4257 612 4324 discretum
629 4257 738 4322 virum
761 4254 935 4323 dominum
967 4254 1155 4322 Iohannem
1187 4253 1229 4320 de
1255 4271 1389 4319 camera
1412 4249 1625 4336 capellanum

270 4361 483 4448 glasguensis
505 4357 967 4444 dioceseosspresentauimus
989 4379 1089 4444 quem
1109 4367 1225 4426 tenore
1246 4356 1456 4442 presencium
1477 4364 1626 4442 present·

271 4489 369 4534 amus
399 4467 505 4533 Vobis
536 4465 644 4551 Igitur
673 4475 706 4532 et
735 4473 884 4532 vestrum
916 4465 1011 4550 alterj
1049 4485 1149 4551 super
1183 4462 1384 4530 execucione
1413 4459 1624 4547 presencium

270 4571 431 4656 requisito
448 4569 595 4656 precipio
611 4579 712 4654 atque
727 4569 851 4636 mando
874 4577 1041 4652 quatenus
1056 4569 1146 4635 dicto
1161 4567 1306 4634 domino.
1322 4565 1465 4648 Iohannj
1489 4563 1541 4630 vel
1564 4586 1626 4631 suo

272 4685 363 4743 certo
379 4685 556 4744 acturnato
579 4673 676 4762 latorJ'
701 4673 912 4759 presencium
932 4673 1088 4742 Sasinam
1105 4682 1138 4738 et
1154 4671 1400 4759 possessionem
1420 4668 1500 4753 dictj
1521 4669 1623 4756 annuj
