4490 5990
638 674 680 758 76
889 671 987 740 Carta
1008 674 1173 740 alexandri
1193 695 1312 740 mneos
1334 674 1371 739 de
1385 673 1577 760 fimdeciom
1599 673 1753 762 lampadis

640 833 888 932 imperpetuum
907 848 1127 914 confirmasse
1142 849 1205 914 deo
1220 855 1254 914 et
1270 846 1413 933 gloriose
1428 846 1548 932 virgini
1565 847 1670 916 marie
1684 846 1758 914 cius
1774 850 1875 916 matri
1891 849 2000 918 beatis

639 951 819 1038 nicholayo
849 951 1051 1019 Sebastiano
1080 962 1114 1020 ct
1144 951 1301 1020 omnibus
1334 951 1462 1018 sanctis
1492 973 1532 1018 ac
1562 952 1738 1037 capellano
1770 955 1860 1038 apud
1893 953 2000 1022 altare

640 1056 760 1144 prelati
787 1056 936 1126 martiris
962 1057 1146 1142 sebastiani
1174 1057 1209 1122 in
1235 1057 1379 1125 ecclesia
1405 1055 1605 1142 perrochiali
1629 1057 1746 1124 Sancti
1772 1057 1930 1144 nicholaij
1959 1061 1999 1126 de

640 1161 778 1228 abirden
804 1160 956 1230 diuinam
983 1161 1167 1230 celebranti
1193 1183 1297 1230 vnum
1328 1183 1479 1228 annuum
1510 1161 1679 1231 redditum
1709 1161 1812 1228 trium
1839 1163 1999 1232 librarum

639 1265 768 1334 usualis
788 1276 923 1333 monete
942 1265 1037 1352 regni
1058 1267 1168 1334 scocie
1189 1267 1292 1334 michi
1308 1267 1531 1353 pertinentem
1553 1265 1805 1352 percipiendum
1822 1269 1999 1335 annuatim

640 1381 674 1438 et
700 1371 884 1439 leuandum
910 1373 954 1438 ad
979 1373 1066 1438 duos
1095 1372 1175 1439 anni
1204 1372 1369 1438 terminos
1398 1371 1605 1457 penticostes
1634 1371 1791 1438 videlicet
1817 1381 1851 1438 et
1882 1373 2000 1440 Sancti

641 1476 777 1563 martinj
803 1477 837 1542 in
863 1478 984 1562 hyeme
1007 1499 1067 1564 per
1090 1479 1229 1564 equales
1251 1479 1427 1564 porciones
1450 1480 1491 1546 de
1513 1479 1596 1546 totis
1618 1487 1651 1545 et
1675 1477 1815 1563 integris
1837 1479 1937 1546 terris
1959 1483 2001 1546 de

640 1581 799 1667 balmady
814 1603 892 1648 cum
908 1583 1125 1668 pertinenciis
1141 1584 1337 1652 lacentibus
1352 1584 1386 1650 in
1403 1583 1543 1676 baronia
1557 1585 1599 1650 de
1614 1585 1789 1669 grandoun
1812 1583 1899 1651 infra
1914 1585 2000 1652 vice·

640 1687 841 1754 comitatum
857 1689 899 1755 de
914 1689 1061 1756 Abirden
1079 1689 1358 1758 TENENDUM
1380 1699 1413 1756 et
1430 1689 1622 1756 habendum
1641 1688 1829 1774 predictum
1848 1709 1999 1756 annuum

639 1793 808 1862 redditum
838 1795 941 1862 trium
972 1793 1132 1864 librarum
1163 1797 1292 1881 prefato
1322 1797 1498 1882 capellano
1528 1805 1562 1862 et
1589 1795 1660 1862 suis
1686 1795 1939 1864 successoribus
1965 1795 2000 1861 in

640 1917 759 1982 puram
783 1907 817 1966 et
839 1909 1037 1984 perpetuam
1062 1901 1274 1968 elimosinam
1298 1901 1545 1986 imperpetuum
1570 1901 1635 1966 Pro
1659 1899 1861 1984 quoquidem
1887 1921 2000 1966 annuo

640 2001 772 2069 redditu
790 2004 940 2089 predicto
952 2006 1039 2072 Volo
1051 2009 1139 2092 quod
1155 2007 1327 2092 predictus
1343 2006 1540 2092 capellanus
1556 2005 1673 2072 altaris
1688 2005 1798 2072 sancti
1815 2005 1999 2073 sebastiani

640 2115 675 2172 et
691 2107 743 2172 sui
760 2127 972 2176 successores
987 2120 1168 2180 teneantur
1182 2111 1312 2178 astricti
1335 2111 1544 2196 temporibus
1559 2132 1619 2195 pro
1635 2119 1796 2196 perpetuo
1811 2110 1933 2178 futuris
1956 2113 1999 2178 ad

641 2215 899 2281 sustentandam
927 2223 960 2282 et
992 2217 1236 2284 Inueniendam
1259 2237 1361 2284 unam
1389 2217 1582 2302 lampadem
1613 2236 1690 2282 cum
1720 2215 1794 2282 oleo
1825 2217 1998 2282 ardentem

640 2327 775 2384 noctem
800 2319 854 2386 die
877 2341 942 2405 que
964 2323 1124 2390 continue
1147 2341 1260 2390 coram
1284 2331 1498 2390 sacramento
1518 2323 1560 2388 ad
1585 2321 1756 2386 summum
1780 2319 1887 2386 altare
1910 2319 1999 2388 dicte

640 2421 781 2490 ecclesie
793 2424 883 2491 beati
899 2425 1058 2512 nicholaij
1076 2428 1202 2512 absque
1218 2425 1422 2518 extinctione
1434 2433 1493 2493 aut
1505 2425 1637 2492 delectu
1649 2443 1862 2508 quocumque
1879 2421 1997 2488 ETSI

641 2527 922 2597 CONTINGAT
936 2533 1026 2616 quod
1043 2531 1130 2599 absit
1147 2533 1313 2616 prelatum
1330 2531 1544 2618 capellanum
1561 2530 1594 2594 in
1611 2528 1863 2596 sustentacione
1879 2528 1999 2594 diurna

639 2641 674 2700 et
686 2642 851 2702 nocturna
867 2657 907 2702 ac
920 2635 1081 2704 continua
1093 2637 1281 2704 nutricione
1293 2635 1383 2704 dicte
1394 2635 1563 2722 lampadis
1578 2655 1655 2700 cum
1668 2633 1742 2700 oleo
1758 2633 1899 2726 deficere
1911 2633 1999 2698 Volo

639 2737 728 2822 quod
751 2747 889 2804 curatus
911 2749 944 2806 et
968 2740 1155 2826 capitulum
1176 2741 1266 2808 dicte
1280 2739 1422 2808 ecclesie
1445 2737 1648 2824 parochialis
1663 2739 1705 2804 de
1720 2737 1867 2804 Abirden
1886 2736 1997 2821 ipsum

639 2841 853 2926 capellanum
868 2865 929 2928 pro
944 2845 1177 2938 reseruacione
1192 2844 1281 2914 dicte
1297 2845 1464 2930 lampadis
1477 2845 1604 2940 absque
1615 2841 1781 2910 citacione
1792 2841 1998 2926 compellant

639 2953 673 3012 et
689 2965 767 3013 cum
788 2965 923 3015 summa
943 2947 1047 3018 annui
1067 2950 1218 3018 redditus
1233 2953 1277 3018 ad
1293 2951 1415 3018 nhnus
1436 2948 1588 3034 proprias
1603 2945 1766 3030 recipiant
1782 2955 1816 3012 et
1832 2945 1998 3012 intromit-

639 3059 715 3118 tant
738 3073 872 3138 semper
892 3063 926 3122 et
949 3035 1123 3142 (lucusque
1138 3039 1250 3124 dictus
1270 3055 1468 3140 capellanus
1482 3053 1668 3140 predictam
1692 3051 1884 3136 lampadem
1909 3050 1998 3118 sulfi-

638 3152 767 3221 cienter
781 3156 947 3226 sustineat
965 3160 1015 3225 IN
1030 3159 1137 3227 Cuius
1148 3159 1195 3226 rei
1207 3159 1441 3226 testimoninm
1458 3157 1614 3243 Sigillum
1631 3177 1744 3222 meum
1760 3155 1839 3222 huic
1851 3155 1997 3242 presenti

639 3267 732 3326 carte
758 3281 832 3328 mee
857 3271 909 3328 est
934 3285 1121 3350 appensum
1149 3267 1247 3352 Apud
1278 3265 1477 3349 Edinburgh
1504 3263 1757 3348 decimoquarto
1786 3260 1840 3328 die
1870 3261 1998 3328 mensis

640 3365 844 3433 Nouembris
869 3373 960 3435 an'no
985 3369 1113 3438 domini
1139 3369 1319 3438 millesimo
1345 3368 1626 3460 Quingentesimo
1645 3367 1756 3434 tercio
1781 3367 1905 3434 Coram
1932 3367 1998 3433 hiis

638 3469 784 3538 testibus
800 3471 970 3568 'uidelicet
1009 3477 1209 3544 Reuerendo
1245 3477 1280 3542 in
1318 3477 1445 3543 christo
1482 3485 1578 3562 patre
1615 3483 1648 3540 et
1686 3472 1823 3540 domino
1859 3473 1997 3540 domino

639 3575 816 3644 Willelmo
845 3579 1016 3667 Episcopo
1046 3581 1260 3650 abirdonensi
1291 3583 1416 3650 I'acobo
1449 3581 1580 3648 dunbar
1609 3581 1651 3646 de
1680 3579 1859 3663 blakerage
1890 3577 1995 3646 milite

638 3681 829 3750 Alexandro
844 3685 1053 3756 banermann
1067 3691 1110 3756 de
1125 3670 1342 3758 Waltettoun
1358 3687 1495 3754 domino
1509 3685 1645 3754 Thoma
1658 3693 1818 3770 myrtoun
1833 3683 1996 3750 canonico

640 3786 844 3854 morauiensi
868 3791 1020 3858 Iohanne
1041 3803 1168 3860 maret
1187 3815 1331 3879 georgeo
1354 3793 1496 3860 Dunbar
1516 3811 1594 3858 curn
1615 3788 1758 3856 diuersis
1777 3787 1852 3855 aliie
1867 3787 1935 3855 Till
1951 3787 1995 3854 all

639 3893 726 3960 ande
749 3893 864 3981 sindry
885 3905 922 3963 to
943 3899 1066 3982 quhais
1088 3899 1261 3984 knawlege
1283 3897 1353 3966 thir
1374 3907 1509 3984 present
1532 3897 1649 3963 letters
1672 3895 1735 3961 sall
1753 3903 1789 3961 to
1805 3915 1883 3960 cum
1899 3893 1996 3960 Alex-

638 3998 744 4064 ander
770 3997 851 4066 Erle
877 4002 913 4067 ol
939 4003 1094 4070 buchanc
1120 4005 1207 4071 ande
1234 4005 1358 4089 barone
1383 4003 1420 4068 ol
1446 4002 1641 4087 grandoune
1671 3997 1823 4084 gretinge
1850 3997 1884 4063 in
1911 3997 1996 4083 gode

629 4099 836 4190 'euirlesting
849 4107 959 4174 Zoure
974 4107 1188 4176 uniuersiteis
1203 4109 1267 4176 sall
1282 4107 1340 4174 wit
1359 4131 1408 4175 ws
1430 4109 1481 4174 lor
1502 4108 1569 4194 gud
1586 4107 1672 4174 ande
1688 4103 1868 4171 resonabill
1885 4103 1997 4170 causis

638 4207 726 4274 ande
742 4209 879 4294 speciall
895 4212 946 4280 ior
960 4214 1019 4280 the
1043 4213 1303 4300 agmentacioun
1319 4215 1356 4280 oi
1375 4213 1496 4298 divyne
1515 4211 1643 4278 seruice
1664 4210 1701 4276 ol
1719 4211 1785 4294 god
1801 4209 1888 4274 ande
1903 4207 1996 4294 haly-

638 4307 742 4394 kyrke
768 4315 855 4382 ande
881 4317 932 4383 till
959 4320 1145 4404 perpetuali
1171 4319 1358 4406 vpbalding
1380 4317 1419 4384 oi
1442 4337 1505 4384 ane
1531 4317 1644 4400 lampa
1670 4315 1756 4381 ande
1782 4313 1875 4399 lycht
1899 4312 1933 4378 in
1955 4335 1996 4398 ye

638 4417 764 4499 paroch
789 4419 893 4506 kyrke
917 4423 955 4489 of
976 4425 1143 4492 aberdene
1168 4425 1260 4494 beior
1283 4425 1342 4492 the
1369 4431 1559 4490 sacrament
1586 4431 1621 4488 at
1646 4441 1688 4506 ye
1710 4418 1766 4484 hie
1789 4417 1876 4484 alter
1897 4418 1934 4484 oi
1955 4439 1996 4502 ye

638 4545 780 4614 camyne
799 4533 896 4602 Ande
918 4553 960 4619 ye
978 4553 1116 4600 ourcom
1139 4541 1175 4598 to
1197 4553 1239 4617 yc
1259 4530 1458 4615 chapellane
1476 4529 1513 4596 oi
1532 4515 1753 4612 Sebastianys
1768 4525 1854 4591 alter
1867 4523 1996 4610 wythin

637 4659 680 4725 ye
696 4637 789 4706 saida
809 4637 912 4725 kyrke
927 4639 978 4707 till
995 4637 1095 4704 halen
1112 4635 1280 4704 consentit
1297 4636 1363 4702 and
1379 4633 1522 4701 assentit
1537 4633 1604 4700 and
1621 4633 1661 4700 be
1677 4631 1736 4696 the
1756 4639 1877 4696 tenour
1892 4627 1928 4694 oi
1946 4626 1998 4713 yir

2232 1550 2241 1802 l
