4460 5984
748 627 848 742 cmo
869 675 1020 742 roms
1044 675 1128 742 »ao
1558 697 1619 760 231

263 854 352 914 terra
375 845 461 914 inira
487 845 615 914 dictum
641 849 785 933 burgum
808 849 851 916 ad
872 848 1096 916 ieodifirmam
1119 852 1219 916 datur
1245 849 1441 917 conceditur
1464 859 1522 918 aut
1546 871 1621 936 pos·

263 949 392 1018 sidetur
424 952 497 1020 sine
536 953 771 1020 Reuocacione
803 954 1048 1020 reclamacione
1086 965 1145 1020 aut
1183 955 1452 1024 contradiccione
1482 956 1619 1041 aliquali

262 1057 369 1124 nostri
385 1079 617 1126 successorum
633 1069 824 1126 nostrorum
841 1069 899 1126 aut
915 1060 1059 1126 aliorum
1079 1081 1355 1146 quorumcunque
1375 1062 1620 1128 FACIENDO

263 1159 340 1226 inde
366 1163 543 1229 annuatim
569 1163 681 1230 dictus
709 1164 880 1230 lohannes
905 1164 1045 1232 heredes
1072 1164 1124 1230 sui
1152 1173 1210 1232 aut
1237 1163 1401 1249 assignati
1432 1167 1620 1250 Suppremo

263 1265 400 1332 domino
427 1277 542 1335 nostro
568 1268 638 1353 regj
666 1267 845 1334 seruicium
873 1267 1073 1353 burgagium
1096 1271 1139 1336 de
1166 1267 1257 1334 dicta
1284 1279 1373 1335 terra
1398 1269 1548 1336 debitum
1574 1272 1620 1336 Et

264 1380 462 1436 consuetum
479 1381 644 1456 quantum
660 1372 803 1456 pertinet
827 1375 870 1439 ad
892 1375 1034 1440 eandem
1057 1375 1107 1438 Ac
1132 1373 1316 1439 Reddendo
1338 1373 1515 1440 annuatim
1531 1373 1620 1442 dicte

264 1473 400 1540 cristine
415 1475 450 1540 in
466 1478 609 1542 durante
625 1487 776 1562 tempore
791 1476 860 1544 vite
876 1497 935 1544 sue
950 1497 1053 1542 vnum
1072 1497 1224 1544 annuum
1243 1476 1411 1544 redditum
1427 1488 1504 1544 octo
1519 1478 1620 1545 solid·

263 1599 359 1646 orum
375 1581 502 1647 usualis
523 1593 657 1649 monete
680 1581 790 1650 scocie
805 1585 848 1650 ad
863 1585 948 1649 duos
970 1582 1058 1668 Annj
1084 1581 1247 1648 terminos
1261 1583 1396 1650 usuales
1414 1582 1620 1668 penticostes

263 1683 418 1752 videlicet
434 1695 468 1752 et
484 1688 591 1773 sanctj
610 1688 745 1773 martinj
771 1688 805 1754 in
827 1709 924 1774 yeme
940 1707 1000 1774 per
1022 1688 1159 1773 equales
1179 1687 1355 1774 porciones
1370 1688 1511 1756 liberum
1528 1698 1619 1756 tene·
1657 1705 1667 1732 ⁰

265 1799 417 1856 mentum
434 1791 583 1858 eiusdem
596 1793 754 1860 habentis
770 1793 816 1858 Et
832 1803 908 1878 post
925 1793 998 1860 eius
1013 1794 1189 1860 decessum
1206 1793 1302 1860 nobis
1317 1803 1352 1860 et
1368 1793 1620 1860 successoribus

264 1893 389 1960 nostris
405 1897 548 1962 eundem
572 1917 722 1963 annuum
748 1895 931 1964 Redditum
955 1897 1155 1963 soluendum
1177 1897 1221 1964 ad
1244 1897 1329 1963 duos
1351 1896 1431 1982 annj
1455 1897 1619 1964 terminos

263 1997 398 2064 usuales
419 2007 554 2066 tantum
570 2021 631 2086 pro
646 2001 738 2068 omni
762 2001 828 2068 alio
853 2001 996 2068 seruieio
1015 2001 1158 2068 seculari
1181 2001 1361 2068 exaccione
1375 2021 1435 2068 seu
1451 2003 1619 2070 demanda

263 2122 328 2185 que
343 2105 384 2170 de
400 2105 550 2189 predicta
565 2117 654 2174 terra
670 2107 835 2174 anteriore
851 2127 928 2174 cum
952 2107 1164 2192 pertinentiis
1186 2107 1377 2192 aliqualiter
1391 2106 1479 2192 exigj
1496 2107 1618 2192 poterit

263 2217 322 2273 aut
351 2209 488 2296 Requirj
511 2213 707 2279 Reseruatis
730 2223 845 2280 tamen
872 2235 931 2298 per
953 2213 1067 2280 omnia
1093 2212 1207 2280 liberis
1233 2212 1373 2278 introitu
1399 2221 1433 2278 et
1459 2212 1551 2278 exitu
1575 2215 1618 2280 ad

261 2321 385 2379 terram
402 2315 594 2384 interiorem
610 2318 691 2404 dictj
708 2319 892 2403 tenementj
907 2317 1038 2384 tociens
1053 2317 1213 2404 quociens
1228 2337 1288 2404 per
1303 2326 1418 2403 portas
1433 2316 1619 2384 anteriores

264 2415 408 2503 Insuper
432 2421 595 2489 noueritis
617 2443 680 2489 nos
705 2423 873 2509 obligasse
899 2433 1080 2508 tenoreque
1103 2423 1269 2509 presentis
1295 2433 1387 2490 carte
1412 2421 1561 2507 obligare
1583 2431 1617 2490 et

262 2522 447 2608 astringere
463 2525 591 2593 dictum
607 2537 731 2594 terram
752 2527 950 2594 Interiorem
967 2537 1000 2594 et
1016 2528 1247 2594 inhabitantes
1269 2528 1410 2594 eandem
1427 2527 1470 2593 ad
1486 2547 1618 2592 conser-

262 2627 409 2694 uandam
426 2631 590 2714 prefatam
606 2643 731 2699 terram
747 2633 948 2700 anteriorem
964 2632 1103 2700 liberam
1122 2633 1342 2716 Indempnem
1356 2641 1389 2697 et
1401 2639 1617 2696 exoneratam

262 2731 303 2796 de
329 2734 486 2801 omnibus
512 2737 589 2802 aliis
618 2738 741 2805 annuis
770 2738 955 2805 redditibus
986 2740 1239 2823 Imperpetuum
1268 2738 1314 2802 Et
1340 2755 1404 2802 nos
1428 2755 1514 2802 vero·
1536 2735 1617 2802 dicti

263 2845 400 2902 curatus
423 2848 456 2904 et
480 2839 645 2924 capellani
670 2862 709 2907 ac
733 2861 945 2907 successores
967 2841 1073 2906 nostri
1095 2851 1204 2906 totam
1231 2849 1265 2905 et
1294 2841 1465 2924 Integram
1491 2847 1616 2904 terram

263 2940 464 3008 anteriorem
480 2954 693 3028 prenotatam
710 2965 787 3012 cum
804 2945 874 3012 suis
890 2945 1102 3030 pertinentiis
1125 2945 1254 3032 prefato
1278 2943 1421 3028 lohannj
1439 2943 1618 3012 heredibus

263 3041 383 3112 suiset
399 3045 469 3112 suis
485 3047 668 3133 assignatis
691 3047 726 3114 in
750 3049 906 3115 omnibus
929 3058 962 3116 et
985 3071 1045 3136 per
1066 3049 1181 3116 omnia
1202 3059 1239 3115 vt
1262 3047 1464 3134 premissum
1487 3058 1539 3114 est
1557 3069 1617 3133 per

262 3165 380 3214 omnes
398 3159 505 3218 terras
520 3161 554 3218 et
570 3152 801 3238 possessiones
824 3163 958 3220 nostras
981 3163 1099 3221 contra
1121 3173 1239 3220 omnes
1254 3151 1416 3218 mortales
1430 3150 1616 3218 varantize·

262 3249 374 3318 bimus
392 3255 660 3340 acquietabimus
682 3265 715 3323 et
741 3257 993 3342 Imperpetuum
1017 3258 1237 3324 defendemus
1260 3257 1301 3322 In
1324 3253 1431 3325 Cuius
1452 3253 1499 3338 rei
1522 3253 1617 3322 testi·

262 3355 413 3422 monium
444 3359 522 3426 huic
552 3361 698 3446 presentj
731 3369 823 3428 carte
852 3371 967 3428 nostre
996 3361 1145 3447 sigillum
1182 3369 1336 3428 nostrum
1373 3379 1553 3426 commune
1582 3367 1616 3428 et

261 3459 409 3544 sigillum
430 3463 637 3532 honorabilis
650 3465 712 3530 viri
729 3465 893 3532 Iohannis
910 3467 1014 3533 Ratre
1034 3461 1135 3532 unius
1148 3463 1349 3532 bellicorum
1365 3461 1447 3530 dicti
1462 3461 1558 3547 burgj
1575 3483 1616 3530 ac

261 3565 388 3632 datoris
404 3567 516 3634 casine
531 3568 724 3635 huiusmodi
740 3579 827 3636 terre
842 3579 921 3636 sunt
937 3589 1087 3656 appensa
1101 3569 1200 3654 Apud
1215 3567 1386 3635 Abirdenn
1400 3565 1546 3652 septimo
1562 3565 1617 3632 die

261 3669 388 3736 mensis
405 3673 551 3760 Ianuarii
569 3675 668 3740 Anno
692 3675 830 3760 Dominj
849 3675 1029 3742 millesimo
1047 3674 1328 3762 Quingentesimo
1350 3672 1477 3758 quinto.
1491 3673 1614 3741 Coram

260 3771 512 3842 honorabilibus
527 3785 560 3843 et
575 3777 716 3844 famosis
730 3779 811 3844 viris
827 3780 979 3845 Iohanne
1000 3779 1118 3846 cullan¹
1130 3779 1254 3845 Iacobo
1276 3777 1428 3845 eolisoun
1447 3777 1616 3845 Duncauo

260 3876 421 3944 Colisoun
437 3879 573 3947 hemico
585 3881 655 3948 reid
665 3881 841 3948 Willelmo
852 3883 933 3969 king
944 3883 1167 3968 burgensibus
1179 3883 1331 3950 Iohanne
1343 3883 1419 3950 Culr
1429 3883 1614 3966 sergeando

258 3989 292 4046 et
309 3981 457 4048 Domino
474 3983 626 4050 Iohanne
642 3984 827 4071 Stirueling
843 3987 985 4054 Notario
1000 3986 1135 4072 publico

879 4273 991 4342 CXII.

340 4403 528 4472 MNIBUS
547 4405 635 4472 hanc
658 4407 797 4474 Cartam
813 4407 935 4474 visuris
949 4407 1003 4475 vel
1026 4407 1192 4474 audituris
1208 4407 1379 4474 Iohannes
1394 4405 1481 4474 mair
1502 4407 1614 4476 senior

382 4507 567 4592 burgensis*
580 4510 627 4576 de.
644 4509 802 4578 abirdene
825 4511 988 4578 Etemam
1011 4510 1046 4576 ln
1062 4511 1199 4578 domino
1222 4511 1367 4581 salutem
1390 4510 1612 4596 premeditato

257 4619 290 4676 et
303 4611 346 4677 ad
357 4612 494 4699 plenum
510 4613 682 4682 intellecto
694 4618 783 4702 quod
798 4637 917 4683 omnes
932 4617 1098 4684 stabimus
1109 4627 1189 4684 ante
1200 4616 1347 4684 tribunal
1362 4615 1489 4700 domini
1504 4615 1611 4684 nostri
