4490 5990
586 665 627 730 82
1001 659 1153 726 Redditis
1176 659 1287 726 alaris
1309 659 1420 727 Sancti
1442 659 1539 726 meeis

580 795 659 904 sine
682 835 926 923 impedimento
950 833 1087 920 aliquali
1114 841 1288 900 remaneat
1311 855 1426 901 coram
1449 833 1594 902 testibus
1616 841 1649 900 et
1673 831 1806 900 notario
1829 853 1944 916 supra-

587 942 723 1030 scriptis
737 944 787 1010 &c

674 1049 817 1114 Summa
832 1045 933 1113 huius
949 1042 1134 1130 capellanie
1149 1043 1181 1130 vj
1199 1043 1245 1113 lib
1264 1065 1311 1110 xs
1329 1043 1419 1130 viijd

1210 1339 1319 1406 XLV.

980 1477 1141 1544 Fundatio
1162 1476 1309 1562 magistri
1330 1475 1429 1542 tharne
1455 1477 1552 1542 Waus

403 1672 408 1687 .
459 1634 470 1668 ¹
685 1617 891 1686 UONDAM
915 1618 1001 1684 bone
1022 1615 1182 1682 memorie
1200 1615 1364 1702 Magister
1383 1615 1519 1686 thomas
1534 1617 1644 1685 Waus
1664 1623 1841 1702 precentor
1861 1638 1948 1684 mor-

594 1617 678 1822 Q
727 1719 875 1788 aniensis
897 1717 1028 1786 dotauit
1048 1717 1155 1785 altare
1177 1719 1293 1806 Sanctj
1316 1719 1451 1806 martinj
1474 1742 1551 1788 cum
1575 1743 1642 1788 vno
1668 1743 1781 1788 annuo
1801 1720 1949 1787 Redditu

589 1823 813 1913 quadraginta
828 1823 1011 1891 solidorum
1030 1833 1165 1892 monete
1186 1821 1291 1891 scotie
1311 1823 1487 1892 annuatim
1507 1825 1652 1893 leuando
1667 1826 1708 1891 de
1724 1835 1813 1893 terra
1831 1825 1949 1891 thome

590 1933 700 2000 Waus
717 1929 854 1995 Iacente
869 1927 955 1995 infra
970 1927 1098 1995 dictum
1114 1927 1256 2012 burgum
1273 1938 1306 1995 et
1322 1927 1495 2014 proposuit
1511 1927 1734 2015 capellaniam
1751 1937 1947 2016 perpetuam

589 2037 730 2104 fundare
746 2034 804 2101 sed
820 2031 930 2100 medio
946 2042 1097 2118 tempore
1112 2032 1202 2100 viam
1221 2031 1375 2100 vniuerse
1392 2033 1513 2102 Carnis
1530 2035 1708 2120 Ingressus
1723 2043 1775 2101 est

678 2140 821 2206 Summa
838 2136 939 2204 huius
957 2137 1014 2204 xls

1204 2329 1333 2395 XLVI.

1000 2466 1153 2532 Redditus
1170 2467 1286 2562 ¹altaris
1309 2467 1422 2536 sance
1444 2467 1543 2536 crucis

599 2609 673 2770 IN
691 2608 801 2694 primo
816 2609 857 2676 tle
872 2615 962 2674 terra
979 2605 1144 2672 Iohannis
1164 2605 1276 2673 lechat
1297 2625 1399 2690 quarn
1419 2613 1514 2672 tenet
1533 2603 1609 2672 vico
1623 2605 1794 2692 superiore
1808 2609 1951 2678 ecclesie

685 2711 772 2798 xiijs
793 2709 874 2796 iiijd
898 2711 986 2778 Item
1007 2707 1042 2774 in
1063 2710 1181 2776 eodem
1203 2707 1279 2776 vieo
1301 2709 1343 2775 de
1364 2716 1454 2776 terra
1474 2707 1592 2776 thome
1610 2709 1712 2778 dauid
1731 2731 1779 2778 vs
1803 2712 1891 2779 Item
1915 2711 1950 2778 in

591 2819 709 2886 eodem
732 2815 808 2884 vico
827 2817 870 2884 de
888 2823 979 2882 terra
999 2813 1157 2898 staphanj
1179 2813 1239 2880 filii
1264 2813 1427 2884 Iohannis
1444 2835 1492 2882 vs
1516 2815 1605 2882 Item
1624 2814 1659 2881 in
1681 2817 1799 2884 eodem
1813 2817 1890 2886 vico
1909 2820 1951 2887 de

591 2932 682 2992 terta
698 2921 859 3008 Richardj
875 2921 996 2990 leohst
1011 2919 1091 3006 xijcl
1114 2922 1202 2989 Item
1225 2921 1269 2988 de
1289 2929 1379 2990 terna
1400 2919 1518 2988 thome
1536 2920 1604 2988 lam
1619 2921 1685 2989 xld
1702 2923 1790 2993 Item
1805 2924 1847 2992 de
1861 2933 1952 2992 terra

592 3028 756 3098 Iohannis
780 3037 897 3111 strang
920 3047 1023 3110 quam
1046 3025 1237 3092 Alexander
1260 3047 1394 3111 moyses
1423 3025 1526 3094 habet
1552 3045 1617 3111 que
1643 3038 1695 3095 est
1721 3037 1812 3098 terra
1834 3030 1952 3100 thome

591 3135 716 3204 molsat
738 3134 803 3220 iijs
830 3135 918 3201 Item
942 3133 984 3200 de
1007 3140 1098 3198 terra
1123 3130 1290 3200 Willelmi
1316 3133 1417 3216 sperk
1439 3131 1526 3216 xiijs
1547 3131 1629 3218 iiijd
1657 3135 1745 3201 Item
1771 3135 1813 3202 de
1840 3136 1952 3204 bothis

590 3240 708 3308 thome
730 3237 875 3307 blinseill
898 3235 959 3322 vjs
981 3235 1072 3320 viijd
1096 3235 1184 3304 Item
1208 3237 1358 3304 deterre
1378 3236 1542 3304 Iohannis
1563 3257 1647 3323 gray
1665 3239 1727 3324 vjs
1748 3239 1839 3325 viijd
1863 3243 1951 3309 Item

591 3349 634 3414 de
658 3354 749 3412 terra
779 3341 942 3410 Iohannis
968 3340 1028 3408 filii
1058 3341 1191 3408 Andree
1217 3339 1269 3425 ijs
1296 3343 1384 3410 Item
1410 3341 1568 3408 deterre
1594 3344 1727 3410 Andree
1752 3345 1864 3412 Waus
1889 3345 1953 3432 iijs

591 3449 715 3534 mrxijd
744 3456 843 3514 vasta
874 3448 961 3514 Item
988 3446 1030 3512 de
1055 3455 1146 3512 terra
1169 3445 1287 3512 thome
1313 3445 1394 3512 both
1425 3445 1479 3531 ijs
1511 3447 1599 3513 Item
1624 3449 1665 3514 de
1691 3457 1781 3516 terra
1812 3451 1951 3538 Robertj

591 3555 653 3622 filii
676 3555 748 3622 Ade
769 3553 832 3639 vjs
853 3551 943 3636 viijd
968 3553 1056 3618 Item
1082 3551 1124 3618 de
1148 3550 1272 3618 croftro
1298 3553 1387 3635 quod
1412 3551 1534 3618 iratres
1560 3553 1811 3622 carmelitarum
1834 3563 1952 3624 tenent

591 3662 658 3748 iijs
684 3661 719 3728 in
740 3659 816 3727 vico
837 3657 933 3742 viridj
959 3656 994 3724 in
1017 3655 1217 3741 occidentalj
1243 3665 1338 3741 parte
1360 3658 1402 3724 de
1422 3656 1454 3722 le
1474 3657 1665 3726 denebume
1689 3659 1777 3727 Item
1799 3661 1842 3727 de
1863 3670 1953 3728 terra

592 3765 739 3851 duncanj
763 3765 869 3850 heruy
886 3761 972 3850 viijs
996 3763 1043 3830 Et
1058 3762 1093 3830 in
1108 3771 1260 3847 tempore
1283 3781 1359 3830 meo
1381 3761 1493 3847 recepi
1508 3763 1550 3830 de
1565 3761 1624 3830 illa
1645 3771 1736 3831 terra
1756 3763 1841 3850 xvjs
1864 3767 1952 3832 Item

593 3975 722 4061 scrogis
745 3975 788 4043 ad
814 3973 917 4040 finem
940 3972 1042 4040 castri
1062 3981 1161 4040 vasta
1184 3971 1236 4056 ijs
1260 3974 1348 4040 Item
1373 3974 1414 4040 de
1438 3983 1527 4040 terra
1553 3973 1716 4041 Iohannis
1738 3975 1798 4042 filii
1823 3976 1951 4063 henricj

594 4082 628 4148 in
643 4080 718 4148 vico
740 4081 782 4148 de
804 4079 878 4164 futy
895 4077 959 4164 iijs
977 4077 1162 4162 etquidem
1184 4078 1296 4163 recepi
1314 4078 1388 4164 vijs
1412 4080 1500 4146 Item
1516 4081 1557 4146 de
1577 4089 1667 4147 terra
1683 4080 1847 4149 Iohannis
1867 4083 1954 4151 Reid

594 4185 688 4252 iuxta
711 4182 810 4252 cokik
828 4182 907 4268 xijd
931 4183 1019 4248 Item
1043 4182 1085 4248 de
1110 4189 1200 4250 terra
1226 4181 1389 4250 Iohannis
1413 4183 1542 4269 scrogis
1565 4185 1609 4253 ad
1631 4185 1733 4252 finem
1757 4187 1860 4273 eastrj
1888 4189 1953 4256 xld

595 4295 683 4360 Item
713 4293 755 4358 de
783 4299 873 4357 terra
902 4287 1034 4374 phillipi
1058 4287 1119 4354 filii
1142 4290 1275 4358 Andree
1299 4290 1362 4358 sub
1392 4291 1476 4374 pede
1502 4290 1629 4358 montis
1655 4291 1757 4376 castrj
1786 4291 1838 4377 ijs
1865 4294 1952 4360 Item

595 4398 636 4464 de
662 4395 720 4462 illa
749 4403 839 4462 terra
869 4394 911 4460 ad
937 4391 1044 4460 altare
1070 4393 1188 4478 Sanctj
1218 4391 1332 4463 Iacobi
1358 4393 1412 4480 ijs
1438 4415 1479 4462 ex
1504 4395 1690 4464 donacione
1716 4397 1863 4466 Walteri
1892 4397 1953 4464 filii

597 4498 735 4583 Robertj

683 4603 825 4674 Summa
840 4600 941 4672 huius
958 4600 1114 4672 Rentalis
1131 4601 1178 4690 iiij
1196 4601 1241 4670 lib
1259 4601 1337 4690 xviij
1349 4625 1366 4670 s
1380 4603 1470 4692 viijd
