4460 5984
734 623 895 690 Fundalio
917 623 1057 690 Duuidis
1079 625 1210 690 mazou
1587 623 1649 711 169

339 805 394 870 Ita
423 811 475 868 est
503 800 673 868 Iohannes
700 799 867 884 Kennedy
896 819 953 867 no·
1042 799 1097 864 Ita
1137 805 1189 864 est
1236 797 1406 864 Iohannes
1450 799 1649 868 nicholsoun

294 907 401 976 tarius
416 905 571 993 publicus
586 925 689 972 manu
706 905 841 990 propria
999 903 1151 969 notarius
1177 902 1331 987 publicus
1354 925 1393 970 ac
1418 905 1526 972 scriba
1550 906 1649 974 Curie

996 1007 1197 1076 balliuorum
1238 1006 1470 1076 abirdonensis
1507 1011 1549 1076 ad
1587 1009 1649 1076 hec

998 1135 1101 1179 manu
1117 1113 1251 1198 propria

939 1374 1012 1442 XC.

296 1518 374 1680 IN
414 1519 466 1586 dei
505 1517 651 1584 Nomine
692 1537 790 1582 amen
828 1537 887 1602 per
917 1515 980 1580 hoc
1018 1535 1156 1599 presens
1185 1516 1356 1600 publicum
1387 1516 1648 1584 instrumentum
1672 1524 1783 1580 saiw

388 1622 530 1690 Cunctis
553 1631 667 1706 pateat
695 1619 870 1686 euidenter
893 1621 981 1702 quod
1004 1640 1093 1684 anno
1118 1621 1365 1686 Incamationis
1387 1622 1554 1688 dominice
1577 1622 1650 1688 mil·

290 1729 409 1794 lesimo
435 1725 704 1812 quingentesimo
726 1723 890 1808 vigesimo
913 1733 1034 1790 octauo
1057 1724 1184 1790 mensis
1206 1745 1285 1790 vero
1309 1725 1385 1809 Iulij
1411 1725 1465 1792 die
1486 1727 1650 1812 vigesimo

290 1833 399 1918 primo
424 1831 615 1899 Indictione
642 1829 752 1915 prima
777 1830 996 1914 pontificatus
1020 1829 1233 1896 Sanctissimi
1256 1829 1291 1896 in
1315 1830 1452 1898 Christo
1478 1832 1584 1918 patris
1609 1855 1649 1900 ac

290 1939 427 2008 domini.
441 1937 569 2006 domini
592 1937 698 2004 nostri
716 1937 903 2003 Clementis
924 1935 1039 2002 diuina
1061 1933 1273 2020 prouidentia
1295 1955 1382 2020 pape
1402 1937 1536 2022 septimi
1559 1959 1649 2004 anno

290 2047 408 2132 quinto
425 2047 466 2110 In
482 2044 546 2128 mej
570 2043 690 2126 notarij
711 2041 835 2126 publicj
856 2051 889 2106 et
907 2041 1048 2107 testium
1068 2040 1356 2125 infrascriptomm
1378 2043 1548 2128 presentia
1572 2043 1649 2108 Per-

290 2151 452 2219 sonaliter
470 2148 676 2216 constitutus
692 2149 967 2232 Circumspectus
981 2146 1032 2211 vir
1051 2147 1213 2231 magister
1229 2146 1342 2213 Dauid
1366 2147 1513 2214 menzeis
1530 2148 1646 2215 Solum

289 2255 441 2322 caritatis
461 2254 591 2318 feruore
607 2261 720 2317 motus
732 2252 786 2316 ,Et
803 2272 863 2315 sue
878 2251 991 2316 anime
1007 2249 1152 2316 salutem
1168 2250 1304 2316 intuens
1321 2251 1423 2318 Dedit
1446 2253 1598 2320 Contulit
1614 2263 1647 2321 et

291 2359 442 2428 Realiter
454 2360 541 2426 Cum
557 2357 678 2422 effectu
696 2355 904 2422 Deliberauit
917 2355 950 2419 in
967 2376 1086 2439 puram
1099 2366 1132 2420 et
1149 2365 1345 2440 perpetuam
1361 2357 1586 2424 Elimosinam
1601 2359 1647 2426 Et

289 2465 324 2532 in
345 2485 467 2531 manus
483 2462 594 2548 posuit
619 2460 768 2526 Discreti
783 2460 844 2524 viri
862 2459 1001 2525 Domini
1024 2460 1136 2526 Dauid
1153 2463 1263 2527 Waus
1278 2471 1359 2527 tunc
1376 2463 1564 2528 collecton's
1588 2485 1647 2550 pro

290 2592 326 2638 se
357 2569 427 2638 suis
455 2569 614 2635 iratribus
644 2577 677 2632 et
708 2565 960 2632 successoribus
990 2565 1174 2651 capellanis
1204 2566 1297 2632 chori
1328 2566 1396 2634 diui
1427 2567 1572 2654 nicholaj
1605 2571 1646 2637 de

289 2676 446 2744 abirdene
482 2676 659 2740 Summam
689 2671 809 2758 viginti
839 2671 998 2738 librarum
1029 2672 1064 2738 in
1096 2693 1177 2738 auro
1207 2671 1365 2757 ponderis
1395 2674 1481 2740 bone
1511 2683 1647 2742 monete

289 2781 398 2850 scocie
413 2782 456 2846 ad
472 2779 717 2862 disponendum
739 2777 773 2842 in
789 2777 897 2843 forma
917 2786 955 2842 ut
979 2777 1130 2862 sequitur
1145 2777 1210 2842 hoc
1226 2786 1277 2842 est
1293 2778 1381 2860 quod
1400 2777 1646 2862 oblegabuntur

288 2897 426 2954 curatus
456 2895 489 2951 et
520 2883 621 2950 ceteri
651 2883 771 2948 fratres
802 2882 894 2948 chori
926 2882 1076 2968 Singulis
1106 2883 1204 2948 annis
1234 2883 1269 2948 in
1300 2883 1352 2948 die
1383 2883 1494 2950 obitus
1525 2885 1644 2968 prefati

288 2990 440 3078 magistri
465 2988 579 3056 Dauid
593 3009 695 3054 vnam
718 2985 857 3052 missam
874 2988 1013 3052 denota
1031 2989 1073 3052 ad
1094 2987 1200 3052 altare
1215 2987 1313 3052 beate
1328 2986 1467 3072 virginis
1483 2988 1587 3054 marie
1604 2989 1645 3054 de

287 3099 412 3184 pietate
437 3093 655 3178 solempniter
681 3092 848 3158 celebrare
873 3093 960 3160 Cum
984 3091 1177 3158 Cituatione
1201 3111 1317 3157 mense
1344 3093 1569 3160 Candelarum
1598 3095 1643 3160 Et

286 3203 428 3273 aliorum
445 3209 681 3268 consuetorum
705 3199 828 3282 apponj
854 3197 995 3263 honeste
1017 3197 1199 3282 ministrarj
1222 3199 1268 3263 Et
1285 3196 1407 3264 missas
1423 3197 1457 3264 in
1473 3199 1644 3268 ebdomita

286 3307 476 3392 trigentalis
492 3327 551 3390 per
566 3303 771 3370 ebdomitam
788 3302 983 3368 immediate
996 3303 1200 3386 Sequentem
1212 3312 1250 3368 ut
1267 3303 1369 3368 moris
1381 3312 1432 3368 est
1445 3301 1643 3388 perimplere

288 3414 352 3480 Pro
367 3434 433 3496 quo
449 3411 618 3478 Collector
634 3409 709 3493 Eijs
729 3409 906 3474 annuatim
923 3407 1098 3474 distribuet
1115 3408 1293 3474 tresdecim
1310 3408 1435 3474 solidos
1451 3418 1483 3474 et
1500 3419 1643 3496 quatuor

286 3517 440 3584 denarios
456 3518 503 3582 Et
518 3525 594 3600 post
610 3515 711 3580 finem
733 3514 860 3600 prefate
876 3513 979 3580 misse
995 3513 1084 3579 idern
1101 3513 1270 3580 Collector
1286 3513 1471 3580 Caritatiue
1487 3515 1641 3599 disponet

285 3621 488 3706 pauperibus
503 3641 562 3686 sex
577 3620 702 3686 solidos
726 3621 772 3686 Et
797 3619 859 3686 sibi
882 3641 942 3704 pro
965 3619 1199 3686 distributione
1218 3629 1295 3686 octo
1316 3619 1471 3686 denarios
1491 3621 1641 3706 captabit

286 3727 359 3792 Nec
396 3727 527 3792 licitum
562 3726 637 3792 Erit
672 3726 819 3810 prefatos
849 3725 1062 3791 collectorem
1094 3734 1248 3790 curatum
1285 3735 1319 3791 et
1352 3726 1472 3792 fratres
1505 3727 1640 3792 easdem
1724 3781 1728 3794 .

285 3830 446 3916 pecunias
461 3833 626 3916 attingere
642 3839 700 3898 aut
716 3831 892 3916 disponere
908 3831 1028 3914 quouis
1044 3841 1144 3915 pacto
1165 3830 1230 3897 nisi
1254 3833 1297 3897 ad
1320 3831 1525 3916 emptionem
1542 3831 1641 3898 vnius

285 3936 389 4004 annui
421 3937 586 4002 Redditus
612 3935 730 4020 viginti
762 3936 945 4002 solidorum
976 3947 1034 4002 aut
1065 3936 1351 4024 constructionem
1379 3936 1478 4002 vnius
1508 3937 1640 4022 publice

284 4045 406 4134 domus
421 4045 463 4108 ad
480 4043 673 4107 Eorundem
689 4041 870 4108 vtilitatem
887 4052 1048 4126 perpetuo
1065 4064 1198 4109 cessure
1215 4043 1261 4110 Et
1277 4063 1337 4128 pro
1353 4042 1472 4108 maiori
1487 4041 1640 4108 veritatis

284 4146 471 4214 assertione
501 4155 535 4212 et
565 4145 773 4212 condicionis
809 4146 972 4232 premisse
1006 4147 1241 4214 obseruatione
1277 4145 1362 4232 petit
1395 4147 1542 4213 fundans
1575 4147 1639 4213 hoc

283 4271 429 4340 presens
458 4248 630 4335 publicum
659 4250 922 4318 instrumentum
954 4252 1072 4337 Sigillo
1106 4251 1276 4318 communi
1302 4249 1384 4318 dicti
1418 4251 1556 4338 capitulj
1592 4253 1639 4318 Et

282 4357 424 4424 fratrum
448 4353 749 4440 subscriptionibus
772 4356 971 4422 communiri
987 4358 1074 4423 Acta
1098 4357 1206 4422 Erant
1229 4356 1290 4422 hec
1306 4355 1341 4421 in
1358 4355 1513 4423 cubiculo
1532 4355 1639 4441 ipsius

282 4458 470 4528 fundatoris
493 4459 610 4525 horam
627 4458 761 4525 circiter
776 4468 931 4544 quartam
954 4469 1031 4546 post
1055 4460 1236 4526 merediem
1253 4461 1323 4528 Sub
1339 4481 1429 4526 anno
1445 4460 1498 4527 die
1522 4481 1638 4526 mense
1661 4499 1666 4511 ι

282 4565 466 4635 indictione
481 4574 514 4632 et
530 4564 728 4656 pontificatu
744 4566 866 4656 quibus¹
881 4589 982 4652 supra
1004 4565 1215 4652 presentibus
1237 4565 1360 4634 ibidem
1378 4565 1544 4636 Discretis
1558 4565 1639 4652 uiris

793 4697 797 4704 -
948 4671 970 4722 Y
