4460 5984
614 673 676 758 176
758 670 919 738 Fundatio
941 668 1095 754 Magistri
1117 666 1215 732 thoma
1242 667 1338 732 Waas
1359 665 1443 751 apud
1463 664 1562 730 altare
1584 663 1684 728 sancti
1704 661 1837 747 martiaj

611 847 716 914 ferme
740 844 887 929 recipere
911 844 1017 909 donec
1042 841 1245 907 sufficienter
1269 838 1433 923 reperitur
1458 848 1492 904 et
1516 839 1603 922 quod
1627 857 1694 902 non
1719 835 1832 902 licebit
1861 834 1969 901 eidem

612 951 787 1037 capellano
810 949 1045 1034 quoquomodo
1068 947 1210 1012 eandem
1233 953 1359 1010 terram
1375 943 1550 1028 quibusuis
1572 941 1726 1027 personis
1746 951 1805 1008 aut
1828 961 1969 1026 persone

612 1065 680 1124 aut
693 1055 914 1122 leodifirmam
936 1063 995 1120 aut
1018 1072 1166 1118 annuam
1190 1049 1387 1135 pensionem
1410 1047 1579 1115 dimittere
1602 1047 1690 1113 vltra
1711 1067 1815 1112 vnum
1839 1045 1904 1112 nisi
1927 1047 1968 1111 de

611 1181 769 1246 expresso
789 1179 956 1226 consensu
977 1156 1125 1258 episcopi
1146 1154 1379 1223 abirdonensis
1399 1154 1516 1238 decanj
1538 1162 1572 1219 et
1595 1151 1733 1270 capitulj
1755 1151 1905 1218 eiusdem
1926 1153 1968 1217 ad

610 1263 674 1332 hoc
698 1273 899 1330 vocatorum
930 1261 995 1326 nisi
1023 1262 1064 1326 In
1091 1268 1310 1344 augmentum
1338 1268 1372 1324 et
1397 1257 1580 1324 vtilitatem
1607 1256 1658 1341 suj
1687 1254 1910 1322 deseruientis
1935 1263 1968 1321 et

610 1390 748 1436 suorum
779 1387 1011 1434 successorum
1043 1363 1294 1482 capellanorum
1325 1361 1434 1429 eidem
1461 1361 1598 1428 seruitio
1625 1359 1887 1427 deseruientium
1915 1361 1968 1426 In·

610 1493 711 1558 super
735 1471 812 1538 volo
839 1479 872 1536 et
900 1471 1017 1536 ordino
1041 1471 1130 1553 quod
1160 1469 1188 1534 si
1215 1479 1379 1554 patronus
1401 1477 1437 1532 vt
1464 1465 1662 1552 prefertur'
1653 1487 1688 1531 m
1719 1464 1968 1550 presentatione

610 1576 797 1664 prescripta
819 1575 994 1660 negligens
1015 1575 1114 1641 fuerit
1135 1585 1194 1640 aut
1217 1575 1446 1640 fraudulenter
1464 1573 1516 1638 vel
1539 1573 1660 1638 saltem
1683 1572 1814 1638 nullum
1835 1591 1968 1657 presen-

609 1680 733 1748 tauerit
752 1679 837 1747 inira
856 1679 994 1764 triginta
1013 1679 1141 1746 dierum
1161 1679 1308 1763 spatium
1328 1677 1494 1744 inclusiue
1510 1687 1586 1762 post
1606 1679 1782 1742 decessum
1801 1677 1965 1762 capellanj

610 1785 821 1870 precedentis
843 1793 925 1850 tunc
948 1784 1061 1850 licebit
1084 1786 1212 1850 decano
1231 1792 1265 1849 et
1286 1783 1458 1849 canonicis
1482 1782 1619 1867 capitulj
1645 1781 1885 1848 aberdonensis
1908 1803 1968 1867 pro

509 1877 511 1884 ¹
608 1899 761 1974 tempore
791 1888 1013 1956 existentibus
1039 1897 1176 1973 propter
1204 1889 1268 1954 hoc
1299 1887 1529 1972 capitulariter
1558 1886 1771 1972 congregatis
1799 1888 1967 1972 ydoneum

609 1992 823 2077 capellanum
847 2002 1041 2078 presentare
1064 1994 1211 2078 probae
1234 1993 1307 2058 vice
1330 1993 1402 2058 sine
1425 1992 1608 2078 preiudicio
1631 1991 1874 2077 presentatoris
1896 2013 1968 2076 pre·

608 2096 689 2180 dictj
730 2098 945 2164 Reuertendo
978 2107 1093 2164 tamen
1123 2107 1199 2182 post
1233 2097 1327 2162 illam
1358 2097 1643 2181 presentationem
1679 2097 1738 2161 Ius
1767 2104 1968 2180 patronatus

528 2213 530 2216 ’
609 2201 759 2268 eiusdem
779 2201 917 2287 prelatis
933 2201 1017 2268 meis
1033 2201 1208 2287 legittimis
1226 2202 1515 2286 presentatoribus
1534 2211 1568 2268 et
1584 2202 1632 2268 sic
1648 2201 1728 2286 dictj
1751 2203 1900 2268 decanus
1913 2200 1967 2266 vel

610 2305 718 2372 maior
729 2305 904 2391 presidens
918 2327 996 2374 cum
1013 2305 1185 2372 canonicis
1201 2305 1339 2391 capitulj
1353 2305 1594 2373 aberdonensis
1609 2306 1738 2372 dictum
1753 2303 1966 2390 capellanum

523 2447 528 2458 ·
610 2409 802 2477 successiue
822 2412 1065 2495 presentabant
1084 2411 1113 2476 si
1132 2421 1296 2495 patronus
1314 2410 1519 2496 proscriptus
1537 2410 1622 2476 infra
1639 2409 1786 2495 spatium
1805 2409 1968 2494 prescrip-

608 2523 682 2580 tum
709 2515 883 2600 negligens
907 2515 1006 2582 fuerit
1033 2537 1092 2600 pro
1119 2517 1191 2582 vice
1219 2518 1406 2582 Reseruato
1436 2535 1570 2600 semper
1600 2517 1677 2581 Iure
1701 2513 1967 2600 presentacionis

608 2617 709 2686 dietis
723 2619 889 2704 legitimis
909 2622 1060 2705 patronis
1079 2633 1155 2706 post
1176 2621 1467 2707 presentacionem
1488 2620 1605 2704 decanj
1629 2630 1687 2687 aut
1709 2619 1847 2685 maioris
1864 2619 1967 2704 presi-

608 2722 719 2789 dentis
746 2745 823 2792 curn
851 2725 1023 2792 canonicis
1049 2725 1187 2811 capitulj
1216 2726 1455 2792 aberdonensis
1479 2727 1519 2792 In
1543 2725 1640 2792 cuius
1662 2724 1709 2809 rej
1733 2723 1966 2790 testimonium

608 2827 694 2906 huic¹
710 2830 856 2916 presentj
881 2841 973 2898 carte
997 2853 1079 2914 mee
1095 2831 1242 2917 sigillum
1266 2855 1379 2900 meum
1403 2841 1454 2898 est
1477 2853 1664 2918 appensum
1689 2833 1777 2916 apud
1802 2831 1967 2897 aberdene

607 2931 795 3018 penultimo
814 2935 867 3002 die
885 2937 1012 3002 mensis
1033 2938 1144 3022 martij
1168 2959 1257 3005 anno
1278 2938 1403 3023 dominj
1430 2938 1609 3005 milleslmo
1632 2935 1966 3023 quadragentessimo

607 3038 839 3122 octuagesimo
860 3041 906 3106 Et
926 3043 968 3108 ad
987 3042 1149 3110 maiorem
1170 3045 1217 3130 rej
1241 3043 1446 3110 euidentiam
1468 3043 1614 3128 sigillum
1636 3043 1752 3108 thome
1771 3051 1847 3127 prat
1860 3041 1966 3108 ‘vuius

608 3140 811 3210 balliuorum
833 3145 1045 3231 presentibus
1068 3147 1191 3233 apponj
1216 3148 1393 3233 procurauj
1422 3169 1535 3214 coram
1559 3147 1613 3212 his
1635 3147 1780 3213 testibus
1804 3147 1965 3231 magistro

607 3235 789 3314 alexandro
805 3249 934 3316 Wauss
949 3251 1112 3318 canonico
1128 3252 1342 3320 abirdonensi
1362 3253 1542 3318 alexandro
1558 3273 1694 3316 menzes
1709 3249 1810 3318 dauid
1829 3273 1966 3318 menaea

607 3357 641 3416 et
661 3351 786 3417 andrea
804 3353 928 3419 brance
946 3354 1168 3438 burgensibus
1188 3357 1228 3421 de
1244 3357 1409 3422 aberdene
1430 3355 1567 3421 domino
1582 3355 1714 3420 roberto
1729 3354 1819 3440 leyss
1834 3354 1966 3420 notario

607 3452 742 3538 publico
749 3464 782 3520 et
789 3455 939 3542 philippo
949 3459 1200 3526 drumbrekvno
1210 3458 1440 3525 seriandorum
1451 3457 1531 3542 dictj
1543 3459 1638 3543 bur.
1651 3479 1728 3523 cum
1738 3456 1881 3524 diuersis
1889 3457 1966 3524 aliis

737 3577 813 3644 Hec
828 3586 880 3644 est
891 3598 971 3646 vera
987 3579 1083 3665 copia
1099 3579 1294 3666 principalis
1310 3590 1400 3647 carte
1415 3579 1626 3646 fundacionis
1642 3579 1860 3665 suprascripti
1871 3589 1963 3646 tene·

736 3682 841 3748 menti
859 3703 938 3749 vero
957 3683 1067 3768 sigillo
1083 3684 1201 3770 prefati
1221 3683 1374 3770 magistri
1392 3684 1508 3750 thome
1523 3705 1617 3750 waus
1636 3683 1783 3770 sigillata
1802 3704 1869 3749 non
1888 3705 1965 3749 rasa

666 3819 691 3863 0
736 3786 924 3854 cancellata
939 3807 1001 3854 nec
1017 3787 1052 3852 in
1068 3788 1134 3855 alia
1150 3811 1212 3854 sua
1227 3799 1321 3874 parte
1334 3796 1491 3872 suspecta
1508 3797 1558 3853 set
1575 3808 1659 3853 sana
1674 3787 1805 3872 integra
1821 3795 1854 3852 et
1872 3785 1964 3852 omni

666 3903 692 3980 5·
736 3889 926 3974 suspicione
945 3912 1064 3957 carens
1083 3892 1305 3958 collacionata
1320 3901 1353 3958 et
1369 3891 1480 3957 reuisa
1496 3911 1555 3975 per
1571 3911 1624 3956 me
1648 3890 1847 3975 magistrum
1864 3889 1965 3955 dauid

659 3980 684 4108 ’ᾖ
736 3993 912 4060 nicholson
931 3993 1100 4060 notarium
1120 3994 1290 4080 publicum
1307 4016 1346 4062 ac
1362 3994 1507 4060 scribam
1526 4015 1740 4060 communem
1760 3995 1964 4060 aberdonen-

659 4073 691 4235 {a
736 4119 807 4164 sem
831 4105 865 4163 et
888 4098 951 4164 hec
974 4099 1183 4170 concordans
1203 4119 1280 4163 cum
1304 4121 1365 4164 suo
1388 4095 1563 4182 principali
1587 4097 1628 4162 de
1647 4095 1780 4163 verbo
1771 4117 1806 4160 m
1825 4097 1964 4163 verbum

734 4201 839 4267 nichil
863 4203 987 4268 addato
1012 4211 1070 4268 aut
1094 4201 1284 4267 substracto
1305 4201 1393 4284 quod
1414 4199 1495 4266 facti
1518 4199 1749 4266 substanciam
1772 4209 1881 4266 mutet
1904 4221 1964 4266 seu

734 4313 851 4371 vareat
867 4313 955 4371 teste
971 4325 1073 4371 manu
1089 4303 1223 4388 propria

859 4409 913 4476 Ita
929 4417 980 4474 est
998 4408 1111 4475 Dauid
1126 4407 1302 4474 nicholson
1318 4405 1469 4474 notarius
1484 4405 1639 4492 publicus
1654 4427 1758 4474 manu
1773 4405 1906 4494 propria

1047 4584 1091 4650 In
1101 4583 1184 4669 solio
1200 4581 1265 4668 70²
1278 4582 1361 4650 nibil
1375 4582 1522 4670 scriptam
