4490 5990
477 672 579 742 Carta
592 673 797 762 summonte
812 683 873 766 pro
894 677 1125 746 Anniuersario
1146 677 1286 768 etapium
1306 677 1450 763 Bubony
1589 693 1650 760 119

293 842 467 912 Noueritis
482 867 537 914 me
552 846 677 916 intuitu
701 849 853 918 caritatis
876 873 916 919 ac
939 853 983 920 oh
1005 853 1167 919 honorem
1190 851 1244 920 dei
1267 848 1511 938 omnipotentis
1532 855 1566 916 et
1589 867 1650 914 sue

292 945 412 1013 matris
423 947 674 1032 gloriosissione
685 952 835 1038 Virginis
847 954 952 1022 marie
964 953 1116 1022 omnium
1129 965 1400 1040 quesanctorum
1413 965 1446 1022 et
1459 951 1651 1040 specialiter

291 1049 335 1114 ob
357 1047 519 1116 honorem
550 1052 639 1120 beati
666 1055 824 1140 stephani
854 1057 1125 1142 prothomartiris
1154 1079 1216 1144 pro
1245 1058 1355 1124 salute
1382 1056 1495 1124 anime
1518 1076 1593 1122 mec
1615 1065 1649 1122 et

291 1149 434 1219 mariote
449 1171 573 1239 sponse
588 1175 662 1223 mee
677 1167 923 1244 parentumque
934 1167 967 1226 et
984 1179 1217 1228 successorum
1234 1168 1425 1228 nostrorum
1441 1179 1480 1226 ac
1497 1155 1648 1226 omnium

291 1253 440 1322 fidelium
462 1257 697 1326 defunctorum
713 1261 845 1328 dedisse
861 1262 1069 1330 concessisse
1086 1264 1228 1330 Necnon
1243 1271 1277 1330 et
1293 1262 1358 1330 hac
1374 1271 1529 1348 presente
1545 1262 1649 1328 Carta

291 1376 368 1426 mea
382 1359 602 1430 confirmasse
625 1363 809 1450 capellanis
825 1363 1031 1450 quotidianis
1045 1365 1161 1433 diuina
1179 1365 1428 1432 celebrantibus
1443 1363 1529 1430 inira
1543 1363 1649 1428 eccle-

290 1460 378 1530 siam
388 1465 615 1549 parochialem
627 1467 717 1534 beati
729 1467 864 1553 nicolaij
875 1469 971 1554 burgi
984 1467 1124 1554 predicti
1133 1489 1237 1536 vnum
1250 1458 1518 1535 anniuersarium
1528 1464 1648 1550 viginti

291 1563 475 1634 solidorum
499 1577 678 1636 exeuntem
703 1571 879 1638 annuatim
904 1580 938 1638 et
965 1571 1147 1638 leuandum
1174 1593 1234 1657 per
1258 1571 1427 1656 predictos
1454 1568 1648 1654 capellanos

291 1677 350 1736 aut
376 1667 526 1756 ipsorum
553 1671 767 1739 collectorem
794 1674 835 1740 de
857 1682 947 1740 terra
969 1673 1134 1742 Willelmi
1161 1671 1369 1740 eddindeach
1397 1673 1536 1739 lacente
1562 1669 1648 1738 infra

290 1769 419 1838 dictum
442 1773 585 1858 burgum
608 1793 649 1841 ex
671 1783 768 1861 parte
790 1775 915 1842 boreali
937 1773 1003 1842 vici
1027 1775 1208 1862 superioris
1230 1775 1372 1842 ecclesie
1393 1773 1544 1842 eiusdem
1559 1773 1648 1840 inter

290 1881 415 1940 terram
431 1873 592 1943 heredum
615 1879 788 1961 quondum
811 1876 968 1944 ihoaunis
983 1877 1081 1944 traile
1104 1899 1145 1944 ex
1168 1887 1263 1964 parte
1278 1876 1479 1946 occidentali
1495 1897 1537 1942 ex
1552 1884 1647 1961 parte
1702 1895 1704 1901 ⁸

289 1995 357 2042 vna
380 1985 413 2043 et
434 1986 559 2045 terram
585 1977 747 2046 heredum
770 1980 940 2064 quondam
965 1979 1108 2046 valendo
1135 1981 1284 2066 skynnar
1307 2001 1348 2048 ex
1370 1988 1466 2065 parte
1490 1977 1646 2045 orientali

289 2077 443 2164 partibus
457 2101 498 2146 ex
514 2079 620 2148 altera
637 2083 779 2148 Necnon
794 2082 980 2168 capellanis
998 2082 1170 2169 perpetuis
1184 2082 1335 2150 fundatis
1350 2081 1510 2150 altarium
1525 2081 1646 2167 glon'o·

289 2179 424 2248 sissime
439 2191 473 2248 et
488 2184 586 2249 beate
602 2183 707 2250 marie
723 2184 872 2270 Virginis
887 2194 921 2251 et
936 2185 1046 2252 sancti
1062 2184 1196 2270 nicolaij
1219 2185 1422 2268 situatorum
1445 2183 1480 2250 in
1503 2183 1646 2251 ecclesia

289 2283 461 2350 antedicta
476 2305 580 2351 vnum
596 2305 747 2353 annuum
763 2287 931 2354 redditum
948 2309 1007 2354 sex
1027 2287 1210 2368 solidorum
1230 2287 1334 2354 michi
1350 2287 1501 2356 debitum
1515 2309 1645 2354 annua·

288 2385 351 2451 tim
363 2395 397 2452 et
412 2398 592 2454 exeuntem
608 2391 650 2456 de
665 2397 754 2457 terra
770 2392 833 2456 ade
849 2391 1001 2457 craiurde
1023 2392 1161 2457 iacente
1181 2389 1268 2458 inira
1286 2390 1416 2457 dictum
1437 2391 1582 2476 burgum
1605 2411 1646 2456 ex

289 2497 384 2571 parte
410 2489 535 2556 boreali
560 2490 626 2558 vici
654 2491 834 2578 superioris
860 2493 1002 2560 ecclesie
1031 2493 1120 2560 inter
1148 2503 1274 2560 terram
1305 2493 1460 2579 magistri
1486 2492 1645 2560 iohannis

289 2591 419 2658 Cadiou
442 2613 483 2659 ex
509 2603 605 2680 parte
631 2595 831 2680 occidentalj
856 2617 897 2662 ex
920 2605 1015 2681 parte
1037 2615 1104 2662 vna
1131 2605 1165 2662 et
1187 2605 1312 2662 terram
1342 2595 1507 2662 Iohannis
1533 2593 1646 2662 litstar

288 2693 347 2779 filij
371 2695 508 2763 eduardi
535 2717 576 2764 ex
598 2706 694 2784 parte
716 2697 871 2765 orientali
894 2697 1047 2782 partibus
1070 2719 1111 2765 ex
1133 2697 1240 2764 altera
1262 2699 1306 2765 ad
1328 2697 1570 2764 inuenientium
1586 2717 1644 2764 an·

288 2797 420 2863 nuatim
436 2797 547 2866 oleum
564 2799 777 2886 lampadibus
792 2800 958 2867 dictorum
975 2800 1133 2868 altarium
1157 2801 1340 2868 leuandum
1355 2821 1415 2886 per
1430 2801 1643 2886 capellanum

288 2909 486 2986 perpetuum
503 2901 620 2970 altaris
635 2903 745 2970 sancti
758 2903 913 2989 stephani
927 2903 1197 2989 prothomartiris
1209 2903 1327 2970 situati
1343 2903 1377 2970 in
1393 2903 1486 2970 dicta
1501 2901 1645 2969 ecclesia

287 3010 320 3069 et
332 3011 512 3088 patronum
525 3003 676 3072 eiusdem
689 3005 745 3090 qui
758 3027 819 3091 pro
830 3013 982 3090 tempore
997 3005 1121 3074 luerint
1133 3005 1381 3092 imperpetuum
1394 3007 1643 3074 obseruandum

286 3107 470 3173 tenendum
501 3115 534 3174 et
559 3106 811 3194 percipiendum
834 3116 945 3175 totum
975 3115 1010 3174 et
1040 3106 1210 3194 integrum
1233 3107 1501 3176 anniuersarium
1523 3106 1643 3194 viginti

286 3206 470 3276 solidorum
496 3217 530 3276 et
557 3229 708 3277 annuum
734 3209 902 3278 redditum
929 3229 988 3276 sex
1014 3209 1197 3278 solidorum
1228 3210 1441 3297 supradictos
1466 3231 1544 3278 eum
1571 3231 1643 3296 per·

285 3309 443 3378 tinenciis
458 3311 559 3378 dictis
573 3311 760 3398 capellanis
774 3321 808 3380 et
829 3311 1081 3380 successoribus
1104 3311 1175 3380 suis
1198 3311 1233 3378 in
1256 3333 1377 3398 puram
1393 3321 1426 3380 et
1443 3321 1642 3398 perpetuam

285 3413 498 3481 elimosinam
522 3437 542 3481 a
565 3435 620 3480 me
643 3424 677 3481 et
700 3413 879 3483 heredibus
902 3413 987 3481 meis
1010 3425 1043 3482 et
1066 3415 1152 3481 meis
1178 3415 1362 3501 assignatis
1388 3415 1643 3500 quibuscunque

285 3535 363 3582 cum
390 3516 482 3582 omni
510 3517 587 3583 Iure
614 3526 647 3583 et
675 3517 763 3583 Iuris
789 3517 920 3584 clameo
946 3539 987 3584 ac
1014 3517 1171 3586 omnibus
1196 3527 1230 3584 et
1257 3517 1400 3604 singulis
1430 3518 1642 3586 libertatibus

285 3617 583 3686 commoditatibus
605 3627 639 3686 et
662 3619 873 3686 aisiamentis
895 3641 935 3686 ac
959 3619 1065 3686 Iustis
1087 3619 1305 3706 pertinenciis
1320 3621 1575 3706 quibuscunque
1599 3625 1641 3688 ad

284 3717 413 3788 dictum
443 3719 711 3788 anniuersarium
748 3721 866 3808 vigintj
906 3721 1090 3790 solidorum
1127 3732 1161 3790 et
1193 3745 1345 3791 annuum
1382 3725 1551 3792 redditum
1582 3747 1642 3794 sex

284 3821 468 3890 solidorum
483 3843 562 3890 cum
584 3821 801 3909 pertinenciis
821 3825 1054 3910 spectantibus
1077 3847 1137 3893 seu
1162 3827 1256 3894 Iuste
1280 3837 1435 3912 spectare
1449 3828 1642 3896 valentibus

283 3925 533 4008 quomodolibet
549 3925 583 3991 in
598 3925 750 3992 futurum
766 3927 868 3993 libere
880 3935 913 3993 et
926 3926 1038 4012 quiete
1053 3927 1202 4012 plenarie
1213 3928 1343 4014 integre
1356 3928 1541 3996 honorifice
1556 3930 1641 3996 bene

282 4037 317 4094 et
332 4027 368 4094 in
383 4049 466 4116 pace
482 4027 516 4094 in
532 4029 689 4097 omnibus
700 4037 734 4096 et
749 4051 809 4115 per
823 4029 938 4096 omnia
950 4029 1022 4097 sine
1035 4029 1148 4115 aliqua
1159 4031 1380 4098 reuocacione
1395 4030 1641 4099 reclamacione

283 4139 342 4198 aut
358 4131 624 4200 contradictione
639 4131 705 4198 mei
721 4132 775 4198 uel
791 4132 952 4199 heredum
965 4153 1116 4199 meorum
1130 4143 1188 4200 aut
1204 4133 1347 4200 aliorum
1363 4155 1640 4220 quorumcunque

282 4233 419 4301 nomine
434 4244 550 4302 nostro
565 4233 620 4302 uel
636 4257 677 4302 ex
692 4243 787 4320 parte
809 4243 925 4303 nostra
948 4234 1025 4303 inde
1047 4235 1215 4302 faciendis
1233 4236 1510 4323 qualitercunque
1533 4237 1567 4304 in
1589 4237 1639 4304 iu·

280 4345 395 4404 turum
410 4338 563 4405 iaciendo
580 4338 663 4405 Inde
679 4337 760 4406 dicti
775 4337 941 4423 capellani
954 4337 1010 4422 qui
1026 4359 1086 4424 pro
1100 4347 1252 4424 tempore
1263 4337 1387 4406 fuerint
1403 4338 1579 4424 annuatim
1596 4340 1638 4406 ad

281 4439 410 4507 dictum
426 4440 532 4508 altare
548 4439 656 4506 sancti
676 4439 831 4526 stephani
847 4439 881 4506 in
898 4441 1040 4508 sabbato
1058 4439 1208 4525 proxime
1226 4450 1303 4525 post
1318 4441 1443 4509 festum
1459 4441 1638 4528 epiphanie

280 4539 408 4610 domini
419 4563 523 4610 vuum
538 4541 678 4629 placebo
693 4551 727 4610 et
742 4541 848 4628 dirige
859 4563 937 4610 cum
953 4551 1084 4610 notaret
1099 4563 1203 4610 vnum
1215 4543 1388 4630 trigintale
1404 4565 1549 4630 sequens
1564 4545 1637 4614 sine
