4460 5984
609 624 672 691 1⁶⁶
1086 621 1503 716 cua-Pamatgoraoun

609 795 685 866 anis
706 806 740 866 et
764 795 834 866 suis
856 795 1108 871 successoribus
1131 797 1258 865 Contra
1280 816 1399 864 omnes
1422 797 1582 864 mortales
1603 795 1889 864 varantizabimus
1915 817 1971 864 ac-

608 901 834 992 quietabimus
856 911 890 968 et
913 901 1161 988 imperpetuum
1185 903 1404 969 defendemus
1428 903 1571 988 Insuper
1593 901 1622 967 si
1645 901 1821 987 contingat
1839 902 1965 969 dictam

608 1015 732 1074 terram
756 1029 815 1092 per
838 1027 1072 1092 quemcunque
1096 1006 1240 1076 Iuridice
1258 1007 1427 1092 vendicari
1452 1017 1512 1074 aut
1534 1006 1724 1090 recuperari
1746 1028 1767 1072 a
1789 1005 1889 1072 dictis
1912 1027 1965 1073 ca·

608 1111 751 1198 pellanis
772 1111 827 1178 vel
847 1111 918 1178 suis
940 1112 1190 1178 successoribus
1214 1133 1280 1198 quo
1303 1112 1416 1178 minus
1431 1111 1512 1179 dicti
1535 1110 1701 1196 capellanj
1726 1119 1785 1178 aut
1808 1110 1859 1195 suj
1885 1111 1967 1176 Suc·

609 1237 759 1282 cessores
774 1215 939 1300 prefatam
955 1225 1080 1282 terram
1094 1217 1183 1283 Cum
1200 1215 1417 1300 pertinenciis
1428 1215 1567 1300 pacifice
1579 1217 1725 1301 gaudere
1739 1215 1875 1281 valeant
1891 1215 1967 1300 Ego

609 1330 668 1388 aut
691 1321 832 1388 heredes
854 1322 920 1388 mei
1152 1321 1318 1406 legittime
1340 1321 1558 1407 premuniunt
1582 1343 1642 1388 seu
1664 1321 1881 1406 interpellant
1907 1343 1967 1406 pro

609 1425 758 1492 tuicione
777 1424 940 1492 Eiusdem
966 1424 1065 1492 Tunc
1091 1435 1125 1492 et
1148 1425 1182 1491 in
1206 1425 1264 1492 illo
1287 1447 1377 1492 casu·
1395 1425 1585 1510 obligamus
1607 1447 1671 1492 nos
1692 1425 1727 1492 in
1752 1423 1968 1492 strictissima

609 1530 718 1598 forma
735 1529 955 1616 obligacionis
971 1529 1218 1598 Renunciando
1236 1529 1329 1596 omni
1352 1530 1549 1615 exceptione
1571 1531 1661 1596 Iuris
1683 1539 1717 1596 st
1739 1529 1820 1596 facti
1836 1549 1967 1596 necnon

611 1635 787 1721 priuilegio
814 1635 903 1702 Iuris
927 1656 1127 1720 quocunque
1154 1636 1324 1702 mediante
1350 1636 1472 1720 quibus
1498 1657 1561 1702 nos
1587 1645 1681 1702 tuere
1707 1645 1767 1708 aut
1792 1634 1969 1702 defendere
2085 1675 2090 1684 ·

612 1739 798 1825 poterimus
826 1741 869 1808 ad
907 1741 1017 1808 denuo
1047 1739 1268 1812 infeodandos
1297 1739 1490 1806 huiusmodi
1524 1739 1719 1825 capellanos
1752 1759 1812 1824 per
1843 1759 1969 1806 nouam

577 1845 578 1848 ’
612 1851 742 1910 cartam
766 1851 800 1908 et
827 1842 985 1910 Sasinam
1014 1845 1114 1910 quta
1137 1843 1315 1910 consilium
1339 1846 1580 1929 prudentorum
1611 1845 1681 1928 [sio]
1711 1843 1859 1910 virorum
1886 1865 1971 1928 quos

612 1946 695 2014 dicti
717 1947 883 2032 capellani
898 1948 1037 2016 arbitrio
1060 1969 1176 2016 eorum
1196 1947 1318 2035 eligere
1340 1949 1507 2016 voluerint
1522 1949 1558 2016 in
1573 1951 1657 2018 adeo
1673 1949 1762 2016 bona
1775 1957 1866 2015 terra
1886 1967 1971 2032 eque

613 2053 698 2120 bene
713 2052 869 2121 edificata
891 2062 925 2120 et
945 2064 1101 2140 reparata
1116 2065 1187 2122 tam
1203 2055 1277 2122 vtili
1299 2054 1334 2120 in
1351 2053 1518 2122 locatione
1541 2063 1575 2121 et
1590 2055 1768 2122 commodo
1783 2054 1870 2120 vnde
1885 2054 1971 2120 bene

614 2167 648 2224 et
671 2159 810 2244 pacifice
832 2169 904 2226 tam
927 2161 1142 2227 commodum
1169 2169 1203 2226 et
1225 2159 1407 2228 utilitatem
1430 2159 1571 2244 pacifice
1597 2159 1774 2228 annuatim
1800 2157 1971 2244 percipere

613 2263 761 2348 poterint
778 2265 824 2330 Et
847 2263 875 2330 si
899 2286 961 2332 nos
975 2265 1028 2332 vel
1050 2265 1190 2332 heredes
1205 2264 1312 2330 nostri
1327 2267 1371 2332 ad
1386 2265 1550 2352 premissa
1565 2265 1796 2352 perimplenda
1817 2283 1972 2350 recusare

615 2368 790 2454 contingat
806 2369 894 2454 quod
910 2368 997 2436 absit
1013 2379 1095 2436 tunc
1111 2379 1144 2434 et
1168 2368 1202 2434 in
1218 2368 1276 2442 illo
1291 2391 1373 2438 casu
1393 2369 1583 2456 obligamus
1596 2391 1660 2438 nos
1683 2370 1824 2438 heredes
1837 2379 1973 2436 nostros

616 2493 834 2558 quoscunque
850 2483 883 2540 et
899 2473 1092 2558 assignatos
1106 2475 1149 2540 ad
1164 2473 1426 2558 persoluendam
1449 2474 1576 2542 eisdem
1596 2475 1789 2561 capellanis
1802 2495 1971 2542 summam

615 2577 874 2663 quingentarum
891 2598 1078 2645 morcarum
1100 2587 1235 2646 monete
1251 2578 1360 2664 Regnj
1379 2579 1484 2648 scotie
1507 2580 1601 2648 iuxta
1619 2589 1772 2647 tenorem
1788 2577 1972 2648 Cuiusdam

616 2683 783 2752 sententie
806 2683 989 2753 deffinitiue
1013 2683 1228 2752 Commisarii
1246 2685 1414 2770 generalis
1435 2683 1675 2758 aberdonensis
1698 2687 1842 2770 desuper
1855 2684 1924 2752 late
1939 2683 1973 2748 in

616 2787 930 2872 recompensatione
939 2788 1029 2868 dicte
1038 2797 1127 2856 terre
1136 2809 1214 2859 curn
1225 2789 1296 2856 suis
1306 2789 1523 2875 pertinenciis
1532 2793 1576 2860 ad
1585 2792 1741 2860 effectum
1752 2788 1974 2877 perimplendi

617 2889 808 2958 huiusmodi
825 2891 1085 2960 infeodationem
1106 2915 1167 2979 pro
1181 2893 1297 2960 anima
1315 2893 1423 2982 ipsius
1444 2895 1592 2964 defuncti
1610 2897 1651 2964 In
1667 2895 1773 2964 Cuius
1796 2893 1974 2962 Reitesti·

617 2994 769 3062 monium
785 2995 863 3062 huic
878 2996 1027 3082 presenti
1044 3007 1138 3066 carte
1153 3021 1227 3066 mee
1248 3019 1352 3066 manu
1371 3021 1447 3068 mea
1462 3001 1596 3086 propria
1610 2999 1799 3087 subscripte
1818 3000 1974 3086 Sigillum

619 3119 731 3164 meum
756 3098 926 3184 proprium
951 3110 1003 3168 est
1028 3121 1214 3186 appensum
1238 3124 1383 3172 vnacum
1414 3103 1533 3190 Sigillo
1564 3105 1679 3190 bailiuj
1704 3105 1833 3174 datoris
1863 3105 1975 3174 casine

618 3201 810 3290 supradicte
833 3213 922 3270 terre
940 3205 1040 3290 Apud
1065 3205 1222 3283 abirdene
1247 3209 1349 3276 tertio
1373 3209 1426 3278 die
1445 3210 1572 3278 mensis
1599 3210 1687 3296 Iunij
1713 3213 1812 3278 Anno
1835 3209 1976 3278 Domini

619 3307 799 3376 millesimo
825 3308 1096 3398 quingentesimo
1125 3311 1286 3382 vicesimo
1312 3335 1402 3385 nono
1426 3317 1550 3384 Coram
1580 3315 1635 3382 his
1663 3316 1808 3384 testibus
1833 3315 1976 3402 gilberto

620 3413 767 3480 menzeis
782 3415 952 3500 preposito
968 3417 1009 3482 de
1019 3415 1156 3484 abirden
1172 3417 1353 3486 alexandro
1368 3421 1520 3505 gordoun
1536 3421 1716 3488 alexandro
1731 3421 1798 3506 kay
1813 3419 1977 3506 magistro

621 3517 744 3584 Iacobo
761 3519 913 3603 gordoun
937 3520 1082 3586 Rectore
1104 3521 1146 3588 de
1169 3521 1306 3608 lunmey
1321 3523 1485 3610 magistro
1507 3524 1650 3610 gilberto
1672 3524 1824 3593 chalmer
1844 3525 1976 3592 notario

620 3621 753 3708 publico
766 3623 914 3690 Domino
930 3625 1032 3692 dauid
1049 3627 1148 3712 Rany
1160 3629 1335 3714 capellano
1350 3639 1384 3696 et
1399 3629 1582 3698 venerabili
1596 3631 1668 3698 viro
1684 3629 1847 3717 magistro
1863 3627 1977 3698 Dauid

622 3725 873 3814 Dischingtoun
888 3740 1086 3818 precentore
1101 3733 1315 3802 abirdonensi
1330 3737 1418 3804 Cum
1434 3735 1577 3804 disemis
1592 3735 1669 3804 aliis

676 3989 704 4072 b!
754 3939 831 4006 Hec
854 3940 919 4006 Est
942 3962 1021 4008 vera
1042 3950 1076 4010 et
1099 3941 1289 4013 indubitata
1312 3945 1419 4031 Copia
1441 3945 1638 4032 principalis
1659 3953 1751 4036 carte
1768 3944 1980 4014 fundacionis

677 4072 704 4148 ἓ·
752 4044 887 4130 copiata
903 4054 936 4112 et
953 4047 1175 4116 collacionata
1198 4071 1258 4136 per
1279 4072 1334 4118 me
1357 4052 1556 4148 magistrum
1574 4052 1763 4122 Iohannem
1779 4051 1979 4120 nicholsoun

670 4147 696 4242 ’ᾗ
755 4149 926 4216 notarium
954 4153 1127 4237 publicum
1152 4155 1237 4222 nihil
1268 4157 1422 4224 addendo
1451 4168 1510 4226 aut
1539 4157 1758 4226 diminuendo
1784 4160 1874 4244 quod
1899 4155 1979 4224 facti

671 4241 704 4403 ’ἓ
755 4255 983 4326 substantiam
999 4267 1107 4326 mutet
1127 4263 1187 4328 scd
1202 4265 1412 4332 concordans
1427 4265 1514 4332 Cum
1539 4265 1609 4332 Suo
1623 4263 1799 4350 principali
1823 4265 1866 4332 de
1880 4265 1981 4332 verbo

755 4357 791 4426 in
805 4361 943 4430 verbum
959 4373 1046 4430 teste
1061 4364 1125 4434 hec
1140 4387 1217 4434 mea
1232 4367 1477 4456 subscriptione
1492 4371 1642 4456 manuali

884 4466 939 4534 Ita
955 4469 1020 4535 Est
1037 4470 1208 4588 Iohannes
1228 4474 1428 4543 nicholsoun
1452 4474 1605 4544 notarius
1619 4473 1775 4562 publicus
1789 4493 1894 4555 manu
1909 4495 1983 4562 pro·

1011 4595 1085 4660 pna
