4460 5984
648 689 710 774 156
935 688 1096 756 Fundatio
1118 687 1277 778 hospitalis
1299 687 1410 756 Sacrati
1434 687 1546 756 Thome
1567 686 1709 755 mariin's

646 861 830 931 canonicus
851 863 968 930 volens
990 865 1093 930 dante
1115 866 1178 930 deo
1201 871 1318 930 sancte
1342 863 1461 929 matris
1476 861 1616 928 ecclesie
1636 864 1764 929 cultum
1784 861 1947 947 ampliare
1969 869 2003 927 et

646 989 769 1054 augere
786 970 826 1034 In
842 968 908 1034 mei
924 969 1044 1054 notarij
1063 969 1187 1053 publici
1203 979 1236 1035 et
1257 970 1396 1036 testium
1413 968 1701 1053 infrascriptorum
1725 968 1895 1054 presentia
1910 967 2002 1034 dedit

646 1073 813 1140 concessit
829 1083 863 1140 et
879 1073 1065 1159 assignauit
1077 1095 1196 1140 omnes
1211 1083 1244 1140 et
1261 1073 1412 1158 singulas
1430 1083 1538 1139 terras
1554 1093 1633 1138 suas
1645 1082 1678 1138 et
1690 1081 1886 1138 tenementa
1900 1083 2002 1140 terra·

646 1199 720 1244 mm
745 1199 882 1246 suarom
908 1179 1059 1246 lacentia
1081 1179 1168 1246 infra
1190 1181 1333 1265 burgum
1358 1181 1399 1245 de
1422 1179 1580 1247 abirdene
1600 1199 1641 1244 ex
1663 1187 1759 1262 parte
1783 1178 1922 1244 australi
1937 1178 2002 1244 vici

645 1283 838 1352 inferiorum
863 1284 932 1369 [sie]
955 1283 1095 1351 ecclesie
1114 1285 1263 1351 eiusdem
1287 1286 1374 1351 inter
1396 1294 1578 1350 torrentem
1603 1282 1675 1350 siue
1697 1285 1924 1368 aqueductum
1946 1283 2002 1368 qui

646 1390 791 1456 decurrit
814 1411 835 1457 a
857 1391 1019 1476 superiori
1043 1392 1236 1458 molendino
1254 1391 1335 1458 dicti
1354 1391 1450 1476 burgi
1466 1411 1506 1455 ex
1529 1398 1624 1474 parte
1648 1388 1801 1454 orientali
1825 1409 1866 1454 ex
1880 1409 1947 1454 vna
1969 1398 2002 1454 et

646 1517 861 1562 communem
877 1496 1036 1562 vinellam
1052 1519 1116 1580 que
1132 1507 1183 1562 est
1208 1519 1249 1562 ex
1271 1496 1425 1563 on'entali
1448 1505 1544 1580 parte
1567 1493 1722 1560 cimiterii
1744 1491 1886 1559 ecclesie
1909 1513 2003 1577 paro·

646 1599 767 1666 chialis
789 1601 878 1666 beati
896 1601 1053 1686 nicholaij
1079 1602 1159 1669 dicti
1184 1602 1278 1687 burgi
1297 1601 1449 1687 partibus
1465 1621 1505 1666 ex
1528 1600 1635 1666 altera
1650 1609 1748 1685 prout
1765 1621 1801 1664 se
1818 1600 2002 1664 extendunt

646 1703 777 1770 edicto
800 1705 953 1772 inferiore
976 1705 1050 1772 vico
1073 1707 1214 1773 ecclesie
1229 1729 1346 1773 versus
1369 1709 1504 1773 boream
1527 1727 1632 1790 vsque
1656 1706 1698 1771 ad
1721 1714 1844 1771 terram
1865 1704 2003 1772 Ioannis

645 1806 830 1893 howysoun
845 1810 1023 1895 burgensis
1038 1811 1119 1877 dicti
1143 1812 1237 1896 burgi
1253 1833 1370 1878 versus
1386 1821 1540 1878 austrum
1556 1813 1599 1878 ad
1622 1831 1725 1876 vnum
1741 1810 1909 1895 hospitale
1924 1831 2003 1876 eon·

645 1915 843 1979 struendum
859 1917 902 1981 ob
920 1914 1082 1982 honorem
1098 1917 1339 2001 omnipotentis
1361 1916 1414 1982 dei
1438 1926 1471 1982 et
1488 1917 1585 1983 beate
1602 1914 1707 1982 marie
1721 1914 1862 2000 virginis
1884 1914 2004 1981 matris

645 2039 705 2082 sue
727 2018 947 2103 glorisissime
963 2043 1002 2086 ac
1019 2021 1170 2087 omnium
1187 2033 1380 2090 sanctorum
1398 2031 1432 2087 et
1448 2021 1641 2105 specialiter
1656 2022 1699 2087 ob
1714 2021 1876 2086 honorem
1892 2019 2002 2086 sancti

644 2123 761 2190 thome
785 2125 941 2192 marteris
963 2147 1023 2212 pro
1038 2127 1230 2211 receptione
1253 2148 1439 2212 pauperum
1462 2137 1497 2193 et
1520 2127 1730 2192 infirmorum
1747 2127 1790 2192 ad
1813 2123 2002 2210 predictum

645 2229 813 2313 hospitale
843 2231 1152 2315 superuenientium
1184 2231 1425 2316 Cuiusquidem
1456 2229 1635 2316 hospitalis
1671 2239 1836 2296 terrarum
1866 2237 1900 2294 et
1929 2249 2003 2313 pos·

645 2333 831 2399 sessionem
847 2334 956 2400 eidem
973 2335 1222 2420 assignatarum
1246 2345 1279 2401 et
1303 2336 1584 2421 assignandamm
1608 2333 1739 2400 necnon
1761 2355 1944 2419 pauperum
1969 2341 2002 2398 et

644 2437 853 2506 infirmorum
870 2439 951 2507 inibi
967 2451 1043 2527 post
1068 2439 1353 2507 constructionem
1377 2439 1592 2506 existentium
1615 2439 1789 2506 dominum
1815 2437 2001 2504 Iohannem

645 2543 815 2611 chawmer
836 2545 870 2610 in
895 2546 1095 2632 magistrum
1111 2556 1145 2613 et
1160 2557 1325 2613 rectorem
1342 2545 1470 2613 creauit
1486 2556 1519 2613 et
1535 2543 1704 2614 ordinauit
1726 2543 1870 2628 sibique
1893 2542 2003 2628 capel·

645 2649 771 2716 laniam
787 2649 937 2718 eiusdem
954 2652 1045 2719 dedit
1061 2661 1095 2718 et
1112 2654 1365 2738 Imperpetuum
1382 2649 1569 2737 assignauit
1591 2653 1649 2716 Ius
1664 2659 1779 2716 autem
1802 2657 2003 2734 patronatus

644 2753 830 2837 capellanie
853 2755 935 2822 dicti
951 2755 1129 2841 hospitalis
1151 2767 1227 2841 post
1244 2759 1419 2824 decessum
1436 2777 1534 2822 suum
1558 2765 1592 2822 et
1613 2754 1694 2822 dicti
1717 2753 1844 2820 domini
1864 2753 2003 2820 Ioannis

644 2857 687 2922 ad
710 2857 918 2942 prepositum
942 2868 975 2925 et
999 2861 1278 2926 communitatem
1295 2860 1376 2928 dicti
1399 2860 1494 2945 burgi
1517 2859 1640 2925 futuris
1662 2857 1871 2944 temporibus
1896 2857 2001 2924 voluit

645 2971 797 3046 spectare
812 2972 845 3029 et
861 2963 1028 3048 pertinere
1046 2966 1189 3049 Insuper
1203 2965 1311 3031 eidem
1334 2964 1470 3030 domino
1490 2963 1634 3030 Iohanni
1649 2963 1741 3030 dedit
1757 2971 1790 3028 et
1813 2961 2001 3048 assignauit

644 3087 764 3132 omnes
789 3077 823 3134 et
847 3067 1001 3154 singulas
1022 3079 1131 3134 terras
1154 3079 1188 3136 et
1212 3079 1408 3136 tenementa
1432 3067 1603 3135 antedicta
1623 3089 1690 3135 vna
1713 3089 1790 3134 cum
1814 3068 1872 3134 illo
1888 3088 2001 3134 annuo

643 3173 776 3240 redditu
799 3195 861 3240 suo
877 3173 1064 3242 octodecim
1088 3175 1271 3242 solidorum
1288 3175 1419 3262 argenti
1442 3186 1585 3242 exeunte
1608 3174 1784 3242 annuatim
1800 3183 1834 3240 et
1857 3174 2002 3241 leuando

644 3277 686 3342 de
711 3286 801 3345 terra
829 3278 968 3344 loannis
992 3279 1184 3346 barlotsone
1210 3281 1348 3346 Iacente
1372 3279 1406 3344 in
1432 3300 1517 3345 cono
1540 3277 1606 3344 vici
1630 3277 1741 3346 Castri
1765 3277 1853 3344 inter
1874 3287 2005 3344 terram·

643 3380 776 3466 gilberti
802 3383 934 3450 Wauce
961 3405 1002 3448 ex
1032 3395 1128 3470 parte
1158 3385 1299 3452 australi
1328 3405 1369 3450 ex
1398 3407 1465 3452 vna
1494 3393 1528 3451 et
1554 3394 1678 3450 terram
1707 3383 1847 3450 Ioannis
1876 3385 2000 3450 andree

643 3505 685 3550 cx
721 3495 817 3570 parte
854 3487 980 3554 boreali
1011 3490 1165 3574 partibus
1200 3493 1243 3558 ab
1273 3491 1379 3558 altera
1410 3492 1552 3557 Necnon
1583 3511 1659 3556 cum
1694 3489 1752 3557 illo
1782 3511 1895 3558 annuo
1928 3491 2001 3557 red·

644 3587 717 3654 ditu
733 3611 795 3656 suo
811 3612 869 3658 sex
885 3593 1068 3660 solidorum
1084 3603 1119 3660 et
1133 3603 1210 3661 octo
1226 3595 1438 3661 denariorum
1455 3603 1598 3660 exeunte
1614 3593 1790 3660 annuatim
1806 3605 1840 3662 et
1856 3595 2000 3661 leuando

644 3691 685 3757 de
700 3701 790 3759 terra
805 3693 934 3762 henrici
958 3697 1098 3764 Walcar
1122 3699 1259 3765 Iacente
1275 3721 1316 3765 ex
1332 3709 1426 3784 parte
1450 3699 1574 3766 boreali
1597 3698 1650 3766 vie
1673 3698 1837 3766 inferioris
1859 3699 2000 3767 ecclesie

643 3795 811 3880 sepedicte
846 3798 996 3866 eiusdem
1028 3803 1124 3886 burgi
1151 3801 1239 3868 inter
1267 3813 1392 3869 terram
1425 3803 1563 3870 Ioannis
1593 3803 1805 3869 crulrschank
1834 3825 1875 3870 ex
1904 3814 1999 3888 parte

642 3899 796 3968 orientali
812 3924 852 3968 ex
874 3925 941 3970 vna
956 3915 990 3971 et
1012 3917 1137 3972 terram
1153 3907 1269 3974 findlai
1292 3908 1437 3974 deschar
1451 3931 1491 3974 ex
1506 3919 1601 3994 parte
1624 3909 1824 3975 occidentali
1847 3909 1999 3994 partibus

643 4005 685 4070 ab
701 4006 806 4072 altera
819 4028 903 4091 quos
918 4008 1037 4076 habuit
1050 4031 1090 4076 ex
1102 4032 1195 4077 mero
1211 4023 1397 4096 conquestu
1414 4011 1616 4078 alienatione
1628 4023 1661 4078 et
1672 4011 1865 4078 venditione
1876 4013 1999 4078 andree

641 4129 725 4194 gray
740 4111 881 4177 Necnon
898 4135 976 4180 cum
999 4114 1057 4181 illo
1074 4137 1186 4183 annuo
1202 4117 1334 4183 redditu
1358 4139 1419 4182 suo
1435 4137 1493 4182 sex
1512 4119 1701 4183 marcarum
1717 4117 1844 4184 vsualis
1865 4125 1999 4183 monete

642 4215 747 4280 scotie
771 4229 914 4284 exeunte
941 4221 1118 4288 annuatim
1143 4233 1176 4287 ct
1199 4221 1342 4288 leuando
1365 4223 1406 4287 de
1428 4221 1526 4287 terris
1547 4223 1587 4287 de
1611 4221 1780 4289 mondinis
1805 4221 1999 4288 lacentibus

641 4319 727 4386 infra
752 4321 1027 4393 vicecomitatum
1062 4328 1103 4393 de
1137 4328 1321 4412 kyncardin
1349 4349 1448 4412 quem
1479 4327 1597 4394 habuit
1623 4349 1664 4394 ex
1690 4347 1782 4394 mero
1812 4336 1998 4412 conquestu

641 4425 843 4495 alienatione
867 4441 900 4496 et
918 4432 1111 4498 venditione
1134 4433 1314 4499 alexander
1336 4436 1377 4499 de
1401 4433 1574 4517 petkarine
1597 4437 1639 4501 de
1662 4433 1831 4500 mondinis
1847 4434 1890 4500 ad
1915 4431 1999 4499 cele-

641 4528 805 4597 brandum
821 4533 855 4598 in
879 4535 970 4601 dicto
993 4536 1152 4620 hospitali
1177 4538 1361 4604 secundum
1385 4537 1640 4622 dispositionem
1664 4537 1813 4624 corporis
1835 4547 1868 4604 et
1893 4535 1998 4604 animi

546 4709 549 4716 ,
641 4633 692 4700 sui
708 4657 768 4722 pm
784 4638 962 4706 animabus
984 4641 1112 4708 domini
1135 4643 1242 4709 nostri
1258 4643 1345 4728 regis
1363 4643 1477 4711 Iacobi
1499 4643 1649 4711 moderni
1673 4643 1843 4712 alexandri
1861 4651 1999 4709 stewart
