4472 5992
605 712 624 762 a
988 694 1039 759 De
1061 690 1223 778 Responsr's
1246 691 1331 758 lulio
1354 689 1464 757 Cesari
1485 687 1587 756 missis

606 865 732 936 mentie
759 867 859 934 simul
884 875 918 934 et
943 864 1153 933 austeritatis
1179 863 1299 932 direxit
1327 861 1502 950 Epistolas
1528 883 1669 948 quarum
1696 861 1724 930 si
1750 861 1878 949 priores
1903 861 1969 928 hoc

605 983 791 1060 spontanee
810 970 1030 1041 subiectionis
1044 977 1078 1039 et
1094 969 1188 1055 pacis
1204 968 1300 1056 quasi
1323 968 1456 1055 proprie
1479 969 1600 1036 salutis
1614 969 1728 1036 forsan
1746 970 1968 1036 Immemores

603 1078 714 1146 fronte
740 1086 861 1164 rugata
888 1076 1009 1144 stolide
1038 1083 1200 1161 respuant
1225 1083 1261 1142 vt
1289 1073 1414 1142 alteras
1441 1073 1505 1142 sibi
1531 1073 1696 1144 bellorum
1727 1073 1843 1141 literas
1874 1093 1968 1139 man·

606 1179 737 1250 dauerit
761 1203 801 1250 ac
823 1179 1006 1250 diffidentie
1022 1187 1231 1266 presentaret
1745 1171 1748 1179 “

682 1511 683 1516 ,
1262 1456 1309 1520 ΙΙ.

726 1581 777 1648 De
791 1577 940 1667 responsis
955 1597 1060 1644 eorum
1073 1597 1183 1664 regum
1198 1575 1380 1644 literatton'e
1393 1573 1480 1642 lulio
1493 1574 1596 1642 missis
1612 1575 1795 1664 Capitulum
1812 1593 1851 1662 15

715 1701 958 1772 UIUSMODI
974 1721 1053 1768 vero
1073 1721 1151 1768 curn
1167 1699 1351 1767 Audissent
1374 1701 1486 1784 Reges
1505 1697 1667 1765 nuncium
1688 1697 1854 1784 indignati
1872 1699 1971 1766 valde

725 1805 727 1816 '
756 1807 849 1876 breui
864 1805 1087 1875 rescribentes
1102 1804 1181 1871 stilo
1197 1806 1259 1872 sub
1270 1825 1337 1870 vno
1348 1813 1464 1872 tenore
1480 1802 1652 1872 coniuncti
1667 1825 1829 1890 responsa
1844 1805 1971 1874 dabant

608 1915 669 1985 tali
699 1915 808 1984 iorrna
839 1916 951 1998 Reges
981 1920 1152 1979 scotorum
1183 1909 1417 1995 pictorumque
1445 1931 1528 1977 voce
1558 1931 1707 1978 consona
1739 1912 1971 1978 Romanorum

608 2020 735 2089 ciuium
759 2017 847 2086 Iulio
873 2015 1081 2104 procuratori
1105 2015 1250 2084 salutem
1274 2015 1419 2082 dicimus
1438 2024 1472 2082 et
1492 2035 1611 2102 pacem
1636 2015 1664 2080 si
1687 2037 1752 2100 que
1775 2024 1853 2083 sunt
1877 2017 1972 2102 pacis

609 2125 724 2212 sapias
735 2133 768 2192 et
781 2122 902 2191 salutis
914 2131 947 2190 et
957 2129 1070 2190 cetera
1081 2122 1133 2188 Ad
1149 2121 1237 2188 hanc
1253 2121 1442 2188 clausulam
1456 2121 1508 2188 Ne
1518 2131 1620 2205 putas
1630 2122 1660 2188 0
1671 2142 1767 2188 cesar
1777 2121 1897 2208 puerili
1909 2144 1972 2188 nos

610 2253 703 2300 more
724 2229 851 2298 talibus
873 2227 1107 2296 adulationum
1126 2226 1241 2295 seduci
1259 2247 1359 2312 posse
1380 2225 1555 2312 blanditijs
1573 2228 1662 2310 quod
1677 2227 1721 2294 ab
1736 2225 1852 2294 innate
1874 2227 1973 2295 nobis

609 2357 731 2406 amena
746 2334 917 2420 nobilique
931 2333 1098 2402 libertatis
1109 2331 1263 2419 peruium
1275 2353 1342 2418 quo
1364 2333 1390 2412 [i
1401 2331 1518 2418 peruia
1533 2336 1613 2418 qua]
1634 2331 1741 2400 nostri
1756 2333 1839 2401 dicti
1854 2355 1972 2420 paren·

609 2453 663 2512 tes
672 2463 735 2528 ope
747 2443 885 2509 deorum
896 2439 1025 2509 suffulti
1037 2461 1170 2526 semper
1181 2439 1275 2508 ibant
1287 2459 1355 2504 non
1366 2437 1541 2506 adexteris
1550 2440 1594 2506 ad
1604 2438 1784 2508 senistram
1796 2441 1973 2509 flectentes

610 2569 670 2636 per
687 2547 809 2616 callem
829 2545 963 2614 Inuiam
978 2545 1133 2632 generosi
1151 2543 1262 2613 cordis
1280 2543 1400 2628 cuique
1415 2552 1541 2612 tortam
1557 2565 1712 2629 asperam
1727 2554 1762 2614 et
1778 2545 1972 2616 horribilem

610 2653 725 2722 seruili
739 2652 827 2722 velle
842 2651 1000 2721 teterima
1015 2651 1132 2720 deuios
1154 2652 1296 2719 errando
1318 2651 1482 2720 deducere
1496 2649 1612 2718 valeas
1627 2652 1715 2720 Cum
1731 2649 1794 2718 hec
1814 2651 1973 2738 precipue

610 2779 675 2846 que
697 2757 939 2828 blanditiarum
962 2755 1202 2842 insipientibus
1227 2764 1309 2840 apta
1334 2753 1541 2822 conueniunt
1564 2754 1705 2840 pignora
1730 2763 1788 2822 tue
1811 2755 1972 2841 legationi

610 2863 786 2934 defuerant
808 2861 960 2948 giracula
973 2859 1027 2928 viz
1041 2860 1094 2928 vel
1110 2881 1213 2945 poma
1227 2881 1294 2944 quo
1309 2858 1463 2928 libationi
1477 2859 1598 2928 fortius
1621 2858 1748 2946 aspirat
1770 2861 1973 2946 gratulando

611 2969 793 3038 stultorum
816 2966 939 3036 leuitas
954 2987 1056 3052 quam
1079 2965 1186 3050 siquis
1207 2959 1349 3050 regnum
1365 2965 1415 3032 eis
1430 2965 1532 3034 libere
1554 2965 1697 3050 genibus
1712 2965 1830 3034 offerat
1852 2987 1972 3054 prouo-

611 3074 705 3141 lutus
718 3070 831 3139 Minas
846 3069 964 3138 itidem
976 3091 1062 3156 quas
1073 3090 1114 3136 ex
1125 3069 1194 3136 tuis
1205 3069 1312 3136 literis
1323 3079 1475 3155 tempore
1497 3071 1564 3149 [ite
1576 3075 1694 3156 nuper]
1715 3081 1888 3140 eructasse
1899 3095 1972 3159 per·

612 3175 713 3264 pendi
728 3173 851 3262 poterit
866 3195 986 3260 parum
1001 3173 1172 3242 timendas
1183 3173 1236 3240 vel
1248 3173 1353 3241 nichil
1365 3173 1577 3242 decernimus
1589 3195 1667 3242 cum
1679 3196 1738 3246 eas
1749 3197 1817 3244 non
1833 3179 1972 3246 deorum

612 3281 721 3348 exisse
744 3301 921 3367 speramus
943 3281 1078 3346 decreto
1094 3280 1152 3346 sed
1169 3278 1309 3346 notabili
1333 3287 1392 3346 tue
1407 3278 1672 3364 presumptionis
1694 3281 1837 3350 audacia
1859 3283 1973 3368 potius

613 3385 810 3471 ambiguum
826 3405 893 3452 non
909 3393 961 3452 est
980 3405 1060 3452 nam
1082 3392 1188 3452 temet
1204 3405 1264 3452 seu
1280 3405 1364 3468 quos
1378 3393 1413 3452 te
1427 3384 1544 3452 lateris
1559 3405 1675 3452 eorum
1697 3387 1871 3456 consulem
1894 3409 1973 3457 nus-

612 3511 715 3576 quam
727 3489 928 3558 offendimus
940 3489 999 3556 sed
1011 3509 1119 3574 neque
1132 3487 1290 3556 nouimus
1301 3497 1389 3555 teste
1401 3489 1527 3557 mundo
1540 3490 1648 3558 Nobis
1661 3489 1791 3558 Iniuste
1807 3491 1972 3578 siquidem

613 3592 805 3662 insontibus
816 3594 905 3662 bella
919 3591 1091 3679 promittis
1099 3593 1134 3660 in
1144 3591 1296 3678 proximo
1308 3592 1337 3660 si
1350 3613 1417 3658 non
1427 3591 1621 3660 huiusmodi
1637 3603 1807 3678 pretactas
1818 3597 1973 3681 superius

613 3697 835 3766 adortationis
861 3707 920 3766 tue
946 3707 1118 3766 sectantes
1143 3698 1284 3766 semitas
1307 3697 1447 3784 eliganti
1470 3697 1600 3766 deiecto
1622 3699 1810 3768 nobilitatis
1835 3701 1974 3788 antique

614 3813 704 3872 serto
727 3803 816 3890 quod
838 3802 927 3872 absit
952 3805 1065 3888 Reges
1086 3811 1250 3888 tanquam
1273 3801 1463 3888 blasphemi
1486 3801 1618 3888 proprie
1640 3803 1752 3888 gentis
1775 3807 1974 3893 cunctisque

613 3917 767 3976 monstra
788 3907 923 3994 regibus
938 3907 1053 3976 ordine
1075 3907 1217 3976 rationis
1234 3929 1353 3976 euerso
1367 3907 1571 3976 famulemur
1592 3907 1725 3976 ciuibus
1739 3919 1773 3978 ct
1788 3911 1881 3998 regia
1903 3913 1974 3999 dig·

613 4013 722 4081 nitate
736 4011 880 4080 vertices
902 4011 1036 4081 coronis
1057 4012 1224 4082 hactenus
1246 4021 1402 4080 assuetos
1425 4015 1488 4080 sub
1503 4011 1678 4080 seruitutis
1699 4023 1819 4099 torque
1841 4017 1974 4102 lugubri

613 4117 794 4205 precipites
816 4116 938 4184 misere
960 4116 1203 4186 submittamus
1226 4117 1335 4203 Igitur
1352 4118 1415 4186 hec
1438 4115 1536 4185 nobis
1557 4125 1618 4184 tua
1636 4117 1811 4203 legatione
1827 4121 1976 4208 ascripta

614 4245 680 4312 que
695 4225 834 4293 deorum
857 4223 959 4292 simul
974 4232 1008 4292 et
1023 4223 1199 4292 bominum
1219 4224 1357 4292 dissona
1371 4223 1528 4302 videntur
1548 4222 1679 4309 legibus
1703 4225 1815 4292 Deum
1832 4225 1866 4293 in
1883 4226 1975 4295 adiu·

614 4327 739 4397 torium
763 4328 860 4398 nobis
875 4339 909 4398 et
924 4339 1020 4398 tuam
1043 4329 1225 4416 perniciem
1241 4329 1270 4396 si
1286 4339 1346 4396 tua
1361 4329 1462 4397 dictis
1483 4329 1574 4398 facta
1597 4340 1782 4415 sequantur
1803 4333 1975 4419 insurgere

615 4443 729 4520 presto
748 4455 816 4502 non
831 4435 1014 4504 diffidimus
1030 4437 1108 4504 Non
1124 4435 1214 4502 enim
1230 4438 1273 4504 ad
1289 4436 1378 4502 bella
1389 4435 1486 4520 quasi
1502 4435 1694 4522 pompatice
1706 4446 1740 4504 te
1752 4448 1976 4522 prouocantes

616 4540 680 4608 hec
701 4539 917 4608 rescribimus
940 4543 999 4608 sed
1022 4541 1114 4608 omni
1136 4550 1215 4608 voto
1238 4561 1357 4627 pacem
1380 4539 1544 4608 humilem
1567 4549 1602 4608 et
1624 4540 1811 4628 priscorum
1837 4541 1975 4610 omnino

616 4644 723 4714 saluis
740 4655 874 4736 patrum
893 4646 1131 4718 traditionibus
1148 4656 1243 4718 tuam
1259 4646 1424 4717 intentius
1444 4645 1630 4718 amicitiam
1649 4647 1866 4716 obsecrantes
1885 4649 1974 4718 Nam
