4490 5990
581 635 623 720 98
1021 635 1185 700 Fundocio
1206 634 1332 700 Andree
1353 633 1489 716 Murray

580 791 713 894 agnetis
742 805 942 876 nicholsoun
972 829 1095 894 sponse
1126 829 1199 874 mee
1229 815 1407 891 parentum
1441 803 1691 872 benefactorum
1721 809 1754 868 et
1785 799 1937 866 omnium

581 910 729 978 fidelium
757 911 990 978 defunctorum
1017 909 1149 977 dedisse
1176 909 1383 976 concessisse
1408 917 1441 975 et
1468 908 1533 973 hac
1559 906 1706 992 presenti
1737 917 1831 972 carta
1861 927 1937 970 mea

581 1017 799 1082 confirmasse
833 1013 977 1081 discreto
1010 1014 1082 1080 viro
1117 1013 1252 1080 domino
1289 1011 1432 1096 lohannj
1465 1010 1625 1077 chavmer
1657 1007 1832 1094 capellano
1863 1029 1939 1074 meo

581 1127 743 1204 perpetuo
766 1117 882 1186 altaris
903 1117 1012 1185 sancti
1033 1117 1212 1185 saluatoris
1232 1137 1292 1202 per
1312 1137 1366 1182 me
1384 1116 1525 1182 fundato
1543 1113 1578 1180 in
1596 1112 1739 1180 ecclesia
1754 1110 1939 1198 parochiali

582 1223 663 1291 dicti
686 1223 781 1309 burgi
806 1244 936 1291 annuos
958 1221 1108 1290 redditus
1131 1244 1225 1288 meos
1251 1219 1459 1305 subscriptos
1480 1217 1636 1285 videlicet
1659 1239 1763 1284 vnum
1788 1235 1939 1283 annuum

582 1327 750 1395 redditum
773 1329 882 1396 decim
903 1325 1085 1394 solidorum
1107 1337 1140 1394 et
1166 1333 1242 1392 octo
1264 1324 1476 1392 denariorum
1497 1321 1674 1390 annuatim
1693 1321 1876 1388 leuandum
1899 1320 1941 1385 de

582 1441 655 1501 tota
681 1441 715 1501 et
745 1433 876 1520 integra
905 1443 995 1500 terra
1020 1429 1122 1499 dauid
1152 1431 1273 1517 kyntor
1304 1431 1441 1496 Iacente
1467 1427 1553 1495 infra
1582 1427 1711 1494 dictum
1738 1427 1881 1510 burgum
1908 1423 1942 1488 in

582 1536 658 1604 vico
678 1536 780 1604 castri
796 1558 837 1603 ex
851 1535 976 1604 boreali
994 1543 1090 1621 parte
1110 1534 1259 1603 eiusdem
1276 1533 1340 1600 vici
1359 1533 1447 1600 inter
1463 1541 1588 1599 terram
1604 1531 1774 1616 quondam
1796 1527 1943 1596 Ranaldi

583 1640 734 1736 talzeour
755 1661 796 1708 ex
818 1641 972 1710 orientali
995 1663 1036 1708 ex
1056 1663 1123 1708 vna
1146 1649 1179 1707 et
1202 1649 1326 1707 terram
1349 1638 1512 1707 Iohannis
1536 1639 1656 1704 Rattre
1676 1657 1717 1704 ex
1742 1633 1943 1702 occidentali

584 1745 736 1832 partibus
758 1748 801 1814 ab
824 1745 930 1814 altera
950 1755 984 1813 et
1004 1767 1202 1813 communes
1220 1744 1293 1812 vias
1316 1743 1426 1829 regias
1443 1763 1561 1809 versus
1583 1749 1737 1809 austrum
1758 1747 1792 1806 et
1812 1738 1941 1807 borium

585 1851 631 1916 Et
647 1850 751 1917 alium
764 1871 914 1918 annuum
927 1849 1094 1917 redditum
1107 1849 1215 1916 decim
1228 1849 1410 1916 solidorum
1423 1845 1599 1915 annuatim
1612 1853 1790 1914 exeuntem
1803 1844 1844 1912 de
1853 1853 1943 1912 terra

584 1955 669 2021 tofto
699 1964 732 2022 et
763 1955 868 2023 crofto
899 1956 1069 2040 quondam
1100 1953 1271 2022 alexandri
1301 1952 1467 2039 lyndelaw
1493 1949 1661 2018 camilicis
1686 1947 1881 2016 lacentibus
1908 1945 1942 2011 in

583 2058 657 2145 futy
672 2059 760 2127 inter
782 2069 905 2128 terram
929 2059 1010 2128 dicti
1033 2059 1204 2127 alexandri
1222 2081 1263 2126 ex
1280 2058 1420 2126 australi
1439 2079 1480 2123 ex
1494 2078 1561 2123 vna
1577 2065 1610 2122 et
1626 2065 1750 2122 terram
1773 2053 1943 2139 quondam

586 2163 749 2231 Iohannis
772 2165 930 2252 gallouay
952 2187 993 2232 ex
1015 2165 1132 2234 boriali
1156 2164 1308 2250 partibus
1331 2166 1373 2232 ab
1396 2163 1502 2230 altera
1526 2162 1761 2229 extendentem
1783 2159 1817 2224 in
1838 2156 1944 2242 longi-

584 2268 701 2336 tudine
724 2271 766 2336 ad
789 2269 821 2336 le
843 2269 954 2356 lynkis
976 2291 1093 2336 versus
1115 2269 1226 2337 oriens
1249 2278 1282 2335 et
1307 2289 1522 2335 communem
1552 2265 1642 2332 viam
1673 2263 1800 2350 regiam
1827 2283 1944 2328 versus

584 2372 741 2441 occidens
759 2374 792 2440 in
812 2383 1032 2460 augmentum
1052 2375 1247 2461 Capellanie
1263 2397 1337 2442 mee
1355 2377 1398 2442 ad
1414 2373 1542 2442 dictum
1558 2373 1665 2440 altare
1680 2373 1790 2438 denuo
1805 2369 1943 2435 fundate

585 2474 849 2546 TENENDOS
864 2489 898 2546 et
913 2478 1086 2546 habendos
1101 2489 1191 2547 totos
1207 2489 1240 2546 et
1256 2479 1405 2565 integros
1421 2479 1529 2546 dictos
1544 2479 1630 2544 riuos
1645 2497 1778 2544 annuos
1793 2472 1944 2540 redditus

585 2599 662 2644 cum
679 2579 750 2647 suis
764 2581 982 2666 pertinenciis
997 2583 1126 2668 prefato
1146 2581 1323 2669 capellano
1343 2592 1377 2652 et
1398 2581 1468 2649 suis
1491 2579 1743 2649 successoribus
1758 2575 1944 2664 capellanis

585 2684 756 2768 perpetuis
773 2685 866 2753 Dicti
887 2685 1003 2754 altaris
1024 2709 1044 2754 a
1065 2707 1119 2754 me
1140 2698 1173 2754 et
1193 2687 1372 2755 heredibus
1389 2685 1474 2754 meis
1494 2687 1529 2754 in
1550 2708 1669 2773 puram
1690 2695 1724 2752 ct
1745 2693 1941 2770 perpetuam

585 2787 806 2872 elymosinam
836 2791 1087 2876 Imperpetuum
1116 2793 1203 2860 Cum
1234 2791 1326 2858 omni
1351 2793 1429 2858 Iure
1452 2800 1486 2857 et
1518 2789 1606 2857 luris
1633 2789 1763 2856 clameo
1793 2807 1833 2854 ac
1863 2807 1941 2853 cum

585 2889 742 2956 omnibus
757 2901 791 2958 et
807 2891 949 2977 singulis
965 2892 1177 2961 libertatibus
1194 2893 1492 2962 commoditatibus
1513 2903 1547 2960 et
1564 2891 1763 2960 asiamentis
1778 2912 1819 2958 ac
1836 2889 1942 2958 Iustis

586 2992 656 3059 suis
666 2993 882 3084 pertinenciis
893 2996 1147 3084 quibuscunque
1159 2999 1202 3066 ad
1214 2999 1323 3067 dictos
1333 3020 1464 3066 annuos
1473 2998 1624 3066 redditus
1635 3019 1713 3066 curn
1726 2994 1942 3083 pertinenciis

586 3096 818 3182 spectantibus
844 3121 904 3166 seu
932 3101 1025 3167 Iuste
1052 3112 1205 3186 spectare
1231 3101 1422 3170 valentibus
1449 3101 1700 3188 quomodolibet
1730 3100 1942 3168 infuturum

586 3199 634 3266 Ac
651 3199 833 3286 capiendos
845 3201 1021 3269 annuatim
1038 3213 1071 3270 et
1086 3203 1250 3271 leuandos
1266 3205 1319 3271 De
1336 3203 1448 3271 Dictis
1459 3203 1557 3271 terris
1572 3225 1650 3272 cum
1667 3201 1884 3290 pertinenciis
1900 3201 1942 3268 ad

586 3305 672 3370 duos
694 3303 774 3370 anni
796 3305 959 3372 terminos
980 3307 1116 3374 usuales
1138 3317 1351 3394 pentecostes
1370 3306 1527 3375 videlicet
1549 3317 1583 3374 et
1607 3305 1724 3393 Sanctj
1748 3304 1884 3390 martinj
1909 3304 1944 3370 in
1964 3319 1993 3378 ,’

586 3429 683 3494 yeme
699 3430 758 3496 per
772 3409 910 3494 equales
925 3409 1101 3496 porciones
1116 3420 1149 3477 et
1165 3433 1243 3478 cum
1259 3411 1363 3478 libera
1378 3419 1546 3497 potestate
1565 3409 1674 3478 dictas
1691 3419 1799 3477 terras
1813 3406 1944 3474 inhabi-

586 3520 701 3578 tantes
712 3515 848 3579 easdem
864 3521 898 3580 et
914 3535 976 3581 sua
991 3515 1079 3580 bona
1096 3514 1138 3581 ad
1154 3533 1276 3580 manus
1287 3514 1439 3600 proprias
1454 3535 1514 3600 pro
1530 3512 1723 3580 huiusmodi
1734 3511 1857 3580 annuis
1872 3511 1945 3578 red·

587 3615 713 3683 ditibus
728 3636 868 3684 namare
879 3625 913 3684 ct
925 3617 1124 3704 distringere
1135 3617 1266 3685 tociens
1278 3617 1437 3704 quociens
1449 3639 1534 3704 opus
1545 3617 1644 3685 fuerit
1657 3616 1730 3685 sine
1745 3637 1945 3704 quocunque

589 3717 677 3785 luris
693 3717 847 3786 ministro
869 3721 963 3787 Adeo
986 3720 1088 3788 libere
1110 3720 1259 3808 plenarie
1282 3719 1411 3808 integre
1433 3720 1616 3790 honorifice
1639 3723 1723 3791 bene
1746 3730 1779 3789 et
1802 3719 1838 3787 in
1860 3741 1945 3807 pace

588 3819 622 3887 in
638 3821 795 3889 omnibus
810 3832 844 3889 et
859 3845 918 3909 per
933 3823 1047 3892 omnia
1062 3823 1150 3892 sicut
1165 3823 1288 3910 aliquis
1303 3845 1437 3892 annuus
1451 3823 1602 3894 redditus
1617 3823 1758 3894 ecclesie
1773 3824 1808 3891 in
1824 3845 1944 3912 puram
2070 3819 2073 3824 ’

587 3933 621 3990 et
644 3933 842 4010 perpetuam
866 3926 1088 4012 elymosinam
1111 3926 1197 3995 infra
1219 3926 1347 3995 dictum
1374 3929 1517 4015 burgum
1540 3929 1642 3997 datur
1659 3927 1865 3998 Conceditur
1886 3937 1945 3996 aut

587 4027 779 4113 possidetur
804 4027 877 4094 sine
903 4029 1123 4098 reuocacione
1148 4030 1394 4100 reclamacione
1420 4041 1480 4100 aut
1510 4032 1776 4101 contradictione
1806 4031 1945 4118 aliquali

588 4153 665 4199 mea
685 4133 846 4199 heredum
863 4154 1015 4200 meorum
1035 4133 1284 4221 assignatorum
1307 4145 1366 4203 aut
1387 4135 1530 4205 aliorum
1551 4157 1827 4223 quorumcunque
1849 4135 1946 4204 Faci-

588 4235 695 4302 endus
713 4235 790 4304 inde
812 4235 924 4303 dictus
946 4236 1104 4305 dominus
1127 4239 1298 4306 Iohannes
1321 4249 1355 4306 et
1378 4239 1429 4326 suj
1454 4261 1667 4308 successores
1687 4240 1854 4329 capellani
1874 4261 1946 4327 per·

588 4337 681 4423 petui
711 4338 863 4406 eiusdem
894 4339 1080 4426 capellanie
1114 4340 1231 4409 diuina
1265 4343 1424 4430 suffragia
1454 4365 1515 4430 pro
1550 4345 1660 4412 salute
1690 4345 1880 4414 animarum
1911 4345 1946 4410 in

587 4441 788 4510 fundacione
815 4465 891 4511 mea
917 4453 1188 4530 expressatarum
1215 4447 1413 4514 addictum
1440 4449 1547 4515 altare
1576 4447 1690 4516 debita
1720 4459 1753 4516 et
1784 4459 1947 4516 consueta

588 4553 722 4612 tantum
752 4567 812 4632 pro
842 4547 934 4632 omnj
966 4547 1034 4615 alio
1063 4549 1206 4618 seruicio
1237 4551 1325 4634 quod
1355 4551 1397 4617 de
1426 4550 1586 4636 predictis
1611 4551 1734 4619 annuis
1763 4551 1949 4621 redditibus
2064 4596 2071 4610 -
