4490 5990
616 675 678 740 106
853 673 1015 738 Fundaoio
1036 671 1146 738 altaris
1168 675 1343 736 sanctorum
1366 669 1534 756 Laurentij
1554 676 1583 734 et
1603 669 1745 755 Ninianj

616 847 744 914 dictum
767 866 918 914 annuum
942 845 1110 912 redditum
1133 845 1175 912 ad
1197 865 1295 910 vsum
1319 843 1489 930 proprium
1514 863 1626 908 meum
1651 842 1821 928 applicare
1845 843 1873 908 si
1898 863 1976 909 con·

615 952 728 1038 tigerit
759 973 813 1017 me
843 951 947 1018 aliurn
982 971 1132 1018 annuum
1168 949 1335 1016 redditum
1371 949 1489 1034 vigintj
1528 948 1710 1015 solidorum
1741 948 1775 1014 in
1806 949 1881 1015 loco
1911 949 1977 1015 dis-

614 1056 834 1142 tringibiliore
849 1055 940 1124 dicto
956 1055 1131 1142 capellano
1150 1054 1324 1140 prouidere
1340 1064 1373 1121 et
1389 1055 1424 1120 in
1440 1057 1558 1120 eodem
1579 1053 1740 1138 infeodari
1760 1055 1809 1119 IN
1828 1054 1977 1121 CUIUS

618 1161 680 1246 Rej
702 1160 935 1228 testimonium
962 1159 1041 1226 huic
1064 1158 1210 1244 presentj
1236 1167 1327 1224 carte
1351 1178 1425 1224 mee
1449 1156 1605 1242 Sigillum
1626 1177 1740 1222 meum
1763 1166 1797 1223 et
1821 1157 1977 1241 Sigillum

616 1264 823 1332 honorabilis
848 1263 910 1330 viri
940 1264 1056 1331 thome
1084 1265 1159 1330 wod
1188 1262 1288 1328 vnius
1318 1263 1519 1331 balliuorum
1550 1261 1754 1346 dicti'burgi
1781 1283 1821 1327 ac
1851 1261 1979 1328 datoris

617 1370 738 1438 Sasine
762 1369 954 1437 huiusmodi
980 1367 1083 1454 annuj
1109 1367 1260 1434 redditus
1283 1377 1362 1434 sunt
1385 1389 1534 1452 appensa
1558 1367 1647 1451 apud
1669 1366 1836 1432 Abirdene
1859 1375 1978 1450 quarto

617 1475 671 1543 die
703 1475 829 1542 mensis
860 1473 1054 1542 nouembn's
1085 1493 1175 1540 anno
1205 1471 1333 1539 domini
1368 1470 1548 1538 millesimo
1580 1469 1850 1554 quingentesimo
1884 1479 1979 1534 sexto

619 1581 742 1650 Coram
779 1577 928 1665 prouidis
965 1586 999 1644 et
1036 1575 1188 1642 honestis
1216 1576 1297 1642 vin's
1329 1576 1510 1642 alexandro
1547 1574 1711 1641 malisone
1748 1576 1881 1640 Andrea
1915 1574 1980 1640 low

618 1683 752 1750 Andrea
784 1684 935 1768 gordoun
967 1681 1081 1748 Dauid
1115 1701 1241 1764 coupar
1275 1679 1411 1746 domino
1444 1679 1618 1746 Willelmo
1648 1699 1774 1763 coupar
1805 1677 1980 1745 Willelmo

619 1769 826 1872 scrimgeour
836 1788 970 1853 Andrea
986 1785 1135 1870 Nauchtj
1155 1785 1307 1852 Iohanne
1320 1769 1385 1852 cul(
1400 1783 1595 1868 sergeandis
1611 1783 1657 1848 Et
1673 1781 1810 1848 domino
1827 1782 1980 1848 Iohanne

621 1892 806 1978 Stirueling
821 1892 963 1960 Notario
978 1891 1112 1977 publico

1257 2138 1352 2202 LIX.

645 2281 810 2348 Fundacio
831 2277 943 2347 altares
967 2286 1144 2346 sanctorum
1169 2278 1341 2364 Laurencij
1366 2284 1394 2344 et
1418 2277 1560 2362 Ninianj
1578 2278 1710 2364 fundati
1726 2285 1784 2366 per
1804 2279 1960 2364 quondam

917 2385 991 2452 bom
1004 2383 1149 2452 nemoris
1169 2383 1362 2450 Willelmum
1376 2383 1412 2450 de
1428 2383 1514 2449 taint
1528 2383 1565 2448 de
1580 2383 1686 2468 heroys

637 2523 710 2682 IN
727 2523 845 2610 primis
859 2525 901 2592 de
916 2534 1005 2592 terra
1020 2525 1189 2612 quondam
1212 2522 1374 2590 Iohannis
1391 2522 1508 2590 Blabir
1527 2543 1616 2588 nunc
1632 2523 1820 2608 pertinente
1837 2523 1981 2607 Iohannj

722 2630 801 2698 blak
824 2631 962 2696 Iacente
985 2628 1020 2695 in
1042 2627 1117 2695 vico
1141 2629 1310 2695 furcarum
1331 2649 1371 2694 ex
1392 2627 1592 2694 occidentali
1615 2637 1710 2713 parte
1732 2627 1797 2694 vici
1820 2625 1985 2692 inferioris

626 2731 768 2802 ecclesie
790 2733 878 2800 inter
899 2743 1024 2800 terram
1047 2734 1217 2818 quondam
1240 2732 1405 2800 Willelmi
1428 2733 1559 2798 Andree
1582 2733 1695 2798 Iacobi
1718 2753 1759 2798 ex
1781 2732 1921 2798 australi
1944 2751 1985 2796 ex

626 2859 694 2906 vna
709 2847 742 2905 et
762 2859 977 2906 communem
992 2837 1083 2904 viam
1098 2837 1226 2922 regiam
1242 2859 1283 2903 ex
1298 2835 1423 2904 boreali
1444 2847 1477 2904 et
1492 2847 1617 2904 terram
1633 2839 1802 2921 quondam
1818 2835 1983 2904 Willelmi

628 2951 745 3030 sprvnt
774 2963 864 3010 nune
890 2941 1079 3029 pertinente
1108 2941 1250 3026 gilberto
1279 2939 1429 3008 Tulideff
1453 2942 1622 3008 reddendo
1647 2941 1725 3008 inde
1750 2941 1858 3008 eidem
1886 2939 1984 3009 altari

628 3045 804 3116 annuatim
828 3046 997 3114 sexdecim
1023 3045 1148 3114 solidos

717 3153 805 3218 Item
834 3153 876 3219 de
905 3161 994 3217 terra
1023 3151 1192 3236 quondam
1220 3148 1378 3235 Symonis
1404 3147 1512 3217 blabir
1536 3167 1626 3216 nunc
1654 3147 1797 3216 Iohanni
1828 3147 1985 3215 Colisone

629 3255 818 3343 pertinente
846 3257 983 3324 Iacente
1012 3255 1047 3322 in
1077 3256 1194 3322 eodem
1217 3254 1291 3321 vico
1318 3275 1358 3320 ex
1381 3253 1581 3321 occidentali
1604 3264 1699 3339 parte
1722 3253 1872 3320 eiusdem
1899 3253 1986 3320 inter

629 3372 755 3430 terram
778 3363 947 3447 quondam
973 3361 1112 3430 Roberti
1139 3360 1301 3427 Blinseile
1323 3381 1413 3426 nunc
1437 3359 1615 3427 heredibus
1637 3360 1708 3426 suis
1730 3359 1919 3444 pertinente
1945 3379 1986 3424 ex

631 3467 755 3535 boreali
785 3487 827 3534 ex
854 3489 922 3534 vna
951 3477 984 3534 et
1015 3487 1212 3534 communes
1238 3467 1311 3533 vias
1336 3465 1446 3551 regias
1476 3487 1517 3532 ex
1546 3465 1700 3534 orientali
1726 3475 1760 3532 et
1786 3464 1985 3532 occidentali

631 3571 783 3660 partibus
798 3573 840 3639 ab
856 3572 963 3639 altera
979 3574 1162 3640 Reddendo
1178 3571 1255 3638 inde
1270 3571 1446 3639 annuatim
1462 3570 1570 3638 eidem
1586 3571 1685 3638 altari
1699 3571 1817 3656 vigintj
1836 3571 1961 3637 solidos

720 3677 808 3742 Item
828 3677 870 3743 de
884 3697 951 3743 vna
965 3685 1054 3744 terra
1072 3677 1209 3742 lacente
1224 3675 1258 3741 in
1275 3675 1444 3760 superiore
1459 3685 1554 3760 parte
1571 3675 1721 3742 eiusdem
1735 3675 1802 3741 vici
1817 3677 1986 3759 quondam

634 3778 797 3846 Iohannis
820 3799 972 3864 crommy
993 3779 1182 3865 pertinente
1205 3799 1295 3846 nunc
1317 3787 1431 3845 autern
1455 3779 1643 3863 pertinente
1668 3777 1812 3845 Iohanni
1836 3788 1987 3844 watsone

633 3907 735 3970 quam
760 3885 854 3952 Idem
879 3885 1049 3954 Iohannes
1071 3885 1173 3952 habet
1195 3884 1230 3950 in
1251 3884 1438 3950 feodidnna
1460 3885 1501 3950 de
1523 3881 1707 3969 capellanis
1730 3882 1824 3950 chon'
1847 3881 1987 3949 ecclesie

634 3987 744 4056 sancti
773 3987 934 4073 nicholaij
966 3987 1116 4056 eiusdem
1150 3987 1245 4073 burgj
1283 3987 1371 4054 inter
1406 3997 1531 4054 terram
1567 3988 1817 4074 capellanorum
1855 3985 1986 4072 collegij

635 4092 776 4162 ecclesie
791 4092 1015 4161 cathederalis
1025 4092 1257 4162 abirdonensis
1272 4115 1313 4160 ex
1328 4093 1467 4160 australi
1479 4102 1512 4160 et
1525 4101 1648 4160 terram
1663 4091 1776 4160 Dauid
1789 4113 1862 4160 mar
1871 4111 1989 4158 versus

635 4199 771 4266 boream
786 4198 954 4264 reddendo
969 4197 1077 4264 eidem
1093 4196 1192 4265 altari
1207 4197 1383 4265 annuatim
1399 4219 1458 4263 sex
1473 4197 1597 4266 solidos
1612 4207 1646 4264 et
1661 4207 1738 4265 octo
1753 4195 1908 4264 denarios

725 4303 813 4368 Itern
833 4304 874 4368 de
894 4301 985 4370 dicta
1000 4313 1089 4370 terra
1108 4301 1214 4388 ipsius
1233 4301 1377 4369 Dauidis
1395 4323 1469 4368 mar
1486 4301 1617 4370 iacente
1631 4301 1666 4368 in
1682 4304 1799 4370 eodem
1814 4302 1889 4369 vico
1903 4301 1991 4367 inter

636 4417 762 4474 terram
791 4407 907 4474 thome
937 4407 1071 4476 buchan
1101 4429 1142 4475 ex
1171 4407 1296 4476 boreali
1326 4417 1359 4474 et
1389 4407 1515 4475 dictam
1542 4415 1666 4475 terram
1693 4407 1799 4493 ipsius
1830 4405 1993 4474 Iohannis

638 4522 789 4580 watsone
804 4533 844 4578 ex
860 4512 1000 4580 australi
1015 4513 1184 4580 reddendo
1199 4511 1277 4580 inde
1292 4521 1368 4600 octo
1384 4513 1510 4579 solidos

727 4619 814 4685 Item
838 4617 879 4684 de
901 4629 991 4686 terra
1013 4619 1182 4704 quondam
1211 4616 1374 4686 Iohannis
1396 4617 1552 4686 Wormet
1576 4619 1714 4685 iacente
1737 4615 1771 4682 in
1793 4613 1869 4684 vico
1894 4613 1997 4683 castri
