4460 5984
535 633 598 720 158
675 633 816 702 omaso
837 633 881 700 aa
900 631 1080 720 manum
1102 632 1196 719 turgt
1216 633 1253 698 a
1273 601 1419 700 alana
1440 655 1462 700 a
1482 633 1623 700 namn
1644 635 1763 702 aran

1127 843 1303 909 LXXXV.

533 981 674 1048 Dortalio
691 1001 731 1068 19
746 983 914 1048 Rodanum
929 983 964 1048 in
979 983 1089 1068 kynm
1102 984 1146 1050 ad
1162 984 1342 1071 hospitalem
1361 985 1453 1072 burgi
1470 985 1506 1050 de
1521 985 1666 1052 nonan
1680 1007 1717 1052 cx
1731 991 1892 1072 cerquitu

666 1089 820 1176 Magistri
833 1087 985 1155 Iohannis
1001 1089 1088 1155 Clau
1101 1111 1123 1154 a
1136 1089 1276 1154 Ricardo
1291 1089 1395 1155 kinton
1408 1091 1567 1178 Proposito
1581 1090 1617 1156 dr
1632 1089 1763 1156 abirden

626 1231 814 1298 MNIBUS
837 1229 925 1298 hane
952 1239 1080 1298 cartam
1101 1229 1224 1298 visuris
1245 1232 1298 1298 vel
1323 1231 1489 1300 audituris
1513 1231 1679 1300 Ricardus
1702 1233 1743 1300 de
1770 1231 1892 1317 kyntor

667 1336 859 1422 prepositus
877 1337 918 1403 de
937 1337 1094 1404 abirdene
1112 1359 1153 1404 ac
1171 1338 1348 1423 burgensis
1368 1337 1465 1423 burgi
1484 1339 1525 1404 de
1544 1337 1666 1424 kyntor
1683 1337 1836 1404 Salutem
1856 1334 1890 1400 in

532 1441 669 1510 domino
700 1442 940 1528 sempiternam
972 1441 1096 1509 Sciatis
1122 1465 1176 1510 me
1201 1443 1348 1511 utilitate
1375 1465 1451 1510 mea
1477 1443 1512 1510 in
1538 1445 1602 1512 hac
1629 1453 1725 1529 parte
1745 1441 1891 1526 undique

532 1548 667 1634 preuisa
685 1558 718 1616 et
738 1548 924 1634 deligenter
942 1547 1154 1615 considerata
1172 1571 1211 1615 ac
1228 1549 1361 1634 urgenti
1377 1549 1411 1615 in
1428 1571 1531 1617 causa
1549 1547 1741 1616 necessaria
1759 1546 1892 1614 dedisse

532 1653 741 1722 concessisse
753 1675 793 1720 ac
805 1653 935 1739 precise
947 1662 980 1720 et
990 1653 1128 1720 omnino
1139 1653 1331 1720 vendidisse
1347 1664 1380 1720 et
1393 1655 1493 1721 titulo
1504 1653 1708 1721 venditionis
1723 1650 1891 1719 alienasse

532 1781 573 1828 ac
595 1761 688 1846 ipsas
709 1758 938 1826 venditionem
962 1769 995 1825 et
1023 1759 1261 1826 alienationem
1288 1760 1437 1846 presenti
1460 1770 1553 1828 carte
1576 1781 1652 1826 mea
1672 1757 1892 1824 confirmasse

533 1863 695 1951 magistro
723 1863 868 1932 Iohanni
895 1863 1034 1930 chamer
1064 1863 1227 1950 magistro
1254 1865 1433 1950 hospitalis
1459 1863 1569 1933 sancti
1593 1865 1709 1933 thome
1735 1859 1892 1929 marteris

532 1970 574 2036 de
598 1967 737 2036 abirden
760 1965 892 2034 fundati
916 1989 976 2053 per
1000 1969 1086 2034 bone
1116 1967 1278 2035 memorie
1301 1969 1527 2038 venerabilem
1551 1979 1585 2038 et
1608 1969 1890 2052 circumspectum

531 2072 641 2141 virum
664 2071 866 2158 magistrum
890 2074 1077 2140 Iohannem
1101 2074 1169 2140 clat
1198 2073 1417 2142 ecclesiarum
1446 2075 1680 2142 abirdonensis
1706 2082 1739 2140 et
1762 2071 1891 2141 brechi·

532 2177 648 2244 nensis
670 2175 871 2245 canonicum
894 2186 986 2244 totas
1008 2186 1042 2244 et
1065 2177 1216 2264 integras
1237 2189 1347 2246 terras
1369 2201 1464 2246 meas
1484 2181 1525 2246 de
1546 2180 1668 2265 kyntor
1689 2199 1767 2246 cum
1790 2174 1891 2261 perti·

531 2282 658 2368 nentijs
678 2291 712 2350 et
732 2281 924 2368 specialiter
944 2283 1060 2348 decem
1082 2292 1116 2348 et
1137 2303 1259 2350 nouem
1281 2285 1382 2350 rudas
1402 2305 1480 2350 cum
1501 2283 1714 2370 pertinentijs
1735 2272 1891 2350 Iacentes

530 2385 618 2454 infra
636 2387 835 2474 burgagium
855 2385 936 2454 dicti
955 2386 1051 2472 burgi
1070 2389 1222 2474 Quarum
1238 2398 1307 2454 tres
1322 2391 1404 2456 rude
1421 2391 1538 2456 Iacent
1554 2389 1589 2456 in
1604 2390 1671 2456 fine
1689 2383 1891 2456 occidentali

531 2491 682 2560 eiusdem
708 2515 750 2560 ex
775 2503 873 2579 parte
899 2492 1040 2560 australi
1066 2503 1159 2560 tente
1184 2496 1225 2562 de
1249 2493 1396 2562 dominis
1421 2496 1462 2562 de
1487 2494 1627 2563 ientoun
1653 2493 1743 2560 inter
1764 2500 1889 2558 terram

531 2598 703 2666 alexandri
726 2600 768 2666 de
790 2599 913 2685 kyntor
935 2621 977 2666 ex
999 2609 1095 2685 parte
1118 2599 1274 2666 orientali
1296 2621 1337 2667 ex
1359 2621 1426 2667 vna
1448 2611 1481 2667 ct
1504 2610 1629 2668 terram
1652 2599 1794 2666 fratrum
1817 2617 1890 2682 pre-

531 2701 720 2770 dicatorum
747 2704 788 2770 de
815 2703 972 2770 abirdene
998 2714 1160 2789 exparte
1190 2703 1390 2772 occidentali
1421 2704 1573 2790 partibus
1599 2705 1642 2770 ab
1668 2703 1774 2770 altera
1802 2702 1889 2766 Item

531 2818 677 2894 quatuor
698 2810 780 2876 rude
802 2811 958 2876 Iacentes
982 2831 1022 2876 ex
1046 2811 1163 2876 eadem
1187 2820 1282 2895 parte
1306 2809 1395 2877 inter
1418 2819 1544 2876 terram
1568 2807 1710 2876 ecclesie
1732 2827 1772 2874 ex
1795 2815 1891 2891 parte

531 2910 732 2979 occidentali
753 2933 793 2979 ex
812 2934 879 2980 vna
897 2923 932 2980 et
953 2923 1077 2980 terram
1099 2913 1262 2980 vulhelmi
1283 2914 1370 2982 abell
1391 2925 1542 3000 exparte
1564 2912 1719 2981 orientali
1739 2911 1891 2998 partibus

530 3019 573 3084 ab
589 3017 696 3086 altera
720 3020 807 3085 Item
826 3020 891 3085 due
911 3019 1008 3086 Rude
1032 3020 1188 3086 Iacentes
1202 3041 1243 3086 ex
1258 3022 1376 3088 eadem
1400 3031 1496 3106 parte
1518 3019 1605 3088 inter
1626 3029 1751 3086 terram
1774 3015 1892 3086 altaris

531 3121 641 3190 sancti
664 3125 788 3191 andree
811 3123 951 3190 ecclesie
972 3123 1175 3210 parochialis
1197 3127 1238 3192 de
1261 3124 1419 3193 abirdene
1442 3134 1600 3210 exparte
1623 3120 1825 3190 occidentali
1850 3140 1892 3186 ex

531 3236 627 3312 parte
649 3251 716 3296 vna
739 3238 773 3296 et
797 3237 922 3295 terram
945 3229 1111 3296 Willelmi
1136 3229 1274 3296 scherar
1297 3230 1474 3316 burgensis
1501 3231 1542 3298 de
1565 3227 1704 3296 abirden
1731 3235 1891 3312 exparte

531 3330 687 3400 orientali
702 3333 855 3420 partibus
870 3335 913 3402 ab
925 3333 1032 3402 altera
1049 3337 1136 3402 Item
1153 3357 1194 3402 ex
1208 3337 1326 3403 eadem
1339 3345 1435 3422 parte
1450 3346 1519 3402 tres
1535 3337 1617 3404 rude
1634 3335 1790 3402 Iacentes
1805 3331 1893 3399 inter

532 3445 641 3504 terras
662 3437 801 3504 Ioannis
817 3437 982 3506 Willelmi
998 3461 1039 3504 ex
1053 3449 1195 3525 vtraque
1216 3449 1311 3526 parte
1332 3439 1533 3507 occidentali
1553 3438 1709 3506 videlicet
1731 3447 1764 3504 et
1784 3435 1891 3504 orien-

532 3543 593 3610 tali
609 3553 643 3609 et
655 3565 774 3610 omnes
789 3544 853 3610 iste
869 3545 951 3612 rude
967 3544 1115 3630 predicte
1133 3547 1250 3612 Iacent
1269 3546 1357 3614 inter
1371 3545 1461 3612 viam
1477 3544 1603 3630 regiam
1619 3565 1737 3612 versus
1755 3543 1891 3610 boream

534 3657 567 3714 et
580 3648 809 3715 communiam
825 3648 906 3714 dicti
923 3649 1019 3736 burgi
1030 3672 1149 3717 versus
1164 3660 1316 3718 austrum
1335 3653 1422 3718 Item
1438 3673 1479 3718 ex
1494 3649 1613 3718 boriali
1629 3647 1779 3716 eiusdem
1796 3645 1891 3731 burgi

534 3761 680 3836 quatuor
699 3754 781 3820 rude
803 3755 958 3819 Iacentes
978 3753 1066 3820 inter
1088 3764 1213 3822 terram
1230 3755 1349 3840 prefati
1369 3755 1534 3824 Willelmi
1556 3754 1716 3822 Seherrer
1735 3773 1775 3818 ex
1795 3759 1892 3837 parte

534 3856 734 3924 occidentali
756 3879 796 3924 ex
816 3866 912 3942 parte
929 3879 996 3925 vna
1016 3869 1050 3924 et
1071 3867 1196 3924 terram
1220 3858 1361 3926 ecclesie
1381 3881 1422 3924 ex
1442 3868 1537 3943 parte
1560 3855 1716 3924 orientali
1739 3854 1892 3940 partibus

534 3964 577 4030 ab
589 3963 695 4030 altera
712 3965 800 4030 Item
813 3985 853 4028 ex
868 3965 986 4030 eadem
998 3973 1094 4050 parte
1109 3963 1190 4031 dieti
1206 3963 1303 4049 burgi
1319 3975 1388 4030 tres
1403 3965 1485 4031 rude
1501 3964 1651 4030 iacentes
1662 3961 1751 4026 inter
1765 3969 1891 4026 terram

536 4069 675 4136 Ioannis
697 4069 766 4154 lylp
782 4091 822 4136 ex
845 4079 940 4155 parte
963 4069 1164 4136 occidentali
1187 4091 1227 4136 ex
1242 4091 1308 4137 vna
1325 4080 1357 4136 et
1373 4081 1498 4136 terram
1521 4069 1638 4135 altaris
1657 4065 1892 4134 sanctiandree

535 4171 676 4240 ecclesie
705 4173 875 4240 antedicte
902 4183 1063 4258 exparte
1093 4173 1247 4242 orientali
1274 4174 1426 4260 partibus
1452 4175 1495 4240 ab
1521 4174 1627 4240 altera
1657 4173 1731 4258 Que
1761 4179 1891 4255 septem

533 4279 651 4346 ultime
673 4280 755 4346 rude
779 4281 895 4346 Iacent
919 4279 1007 4346 inter
1029 4279 1257 4346 communiam
1278 4280 1368 4347 viam
1392 4279 1519 4364 regiam
1541 4299 1659 4344 versus
1682 4285 1835 4344 austrum
1858 4284 1892 4340 et

534 4403 658 4467 aquam
679 4386 720 4450 de
741 4385 807 4450 don
826 4403 944 4452 versus
960 4386 1095 4451 boream
1116 4387 1180 4452 Pro
1199 4387 1345 4470 quadam
1368 4393 1459 4452 certa
1480 4405 1613 4450 summa
1631 4381 1773 4467 pecunie
1790 4399 1891 4465 quam

533 4487 735 4554 venerabilis
754 4497 788 4554 et
809 4487 1075 4573 circumspectus
1092 4490 1143 4556 vir
1162 4491 1324 4575 magister
1344 4490 1501 4556 henricus
1523 4490 1643 4574 Rynde
1661 4485 1893 4554 thesaurarius

534 4592 676 4660 ecclesie
706 4593 938 4660 abirdonensis
968 4597 1009 4660 de
1040 4597 1200 4662 mandato
1231 4595 1312 4663 dicti
1347 4595 1500 4680 magistri
1532 4593 1696 4662 Iohannis
1726 4595 1767 4659 de
1796 4590 1894 4659 bonis
