4490 5990
700 685 801 754 Carta
823 684 945 754 mei
966 683 1117 754 lolmris
1140 702 1241 755 aare
1587 705 1649 774 137

289 863 403 930 Vnum
424 881 575 930 annuum
597 857 764 928 redditum
783 857 910 944 vigenti
929 857 1113 926 solidorum
1132 867 1268 926 monete
1289 861 1399 928 scocie
1418 860 1596 928 armuatlrn
1615 869 1649 930 et

288 983 349 1052 pro
374 975 536 1052 perpetuo
562 963 783 1034 leuandorurn
805 963 850 1031 ad
872 962 958 1030 duos
980 961 1060 1049 annj
1083 961 1248 1030 terminos
1269 962 1407 1032 usuales
1429 983 1490 1050 per
1512 963 1650 1050 equales
1722 1035 1729 1048 ,

288 1069 461 1156 portiones
496 1067 605 1137 decirn
642 1065 799 1135 videlicet
836 1064 963 1134 solidos
999 1068 1043 1136 ad
1077 1067 1204 1134 festum
1242 1075 1457 1154 pentecostes
1493 1078 1527 1136 et
1563 1067 1650 1137 alios

288 1175 398 1244 decim
421 1173 547 1244 solidos
569 1173 612 1242 ad
626 1171 751 1240 lestum
767 1169 837 1240 diui
860 1170 996 1257 martinj
1021 1171 1056 1240 in
1078 1193 1176 1258 yeme
1198 1170 1371 1260 inparem
1394 1182 1429 1240 et
1451 1181 1648 1260 perpetuam

288 1279 501 1350 elimosinam
517 1279 559 1348 de
574 1299 651 1346 mea
666 1277 802 1364 propria
816 1285 908 1344 terra
923 1285 996 1346 tota
1008 1285 1042 1344 et
1052 1276 1185 1364 integra
1200 1299 1277 1346 cum
1289 1277 1509 1364 pertinenciis
1522 1279 1559 1347 in
1573 1279 1648 1350 vico
1671 1289 1783 1342 nndrew

288 1385 394 1454 viride
409 1384 495 1452 infra
510 1383 639 1452 dictum
663 1384 806 1468 burgum
831 1383 969 1450 iacente
992 1391 1147 1468 exparte
1166 1383 1293 1452 boreali
1308 1382 1459 1452 ciusdem
1479 1383 1545 1452 vici
1561 1383 1649 1452 inter
1669 1355 1847 1473 fflffl‘}

288 1497 415 1557 terram
434 1489 605 1575 quondam
621 1485 750 1554 henrici
766 1487 864 1554 bawn
879 1505 921 1554 ex
935 1485 1137 1554 occidentali
1155 1507 1198 1554 ex
1210 1507 1278 1554 vna
1292 1489 1379 1555 duas
1392 1485 1466 1556 vias
1480 1487 1592 1574 regias
1607 1510 1648 1556 ex
1668 1501 1702 1550 ue
1714 1485 1789 1538 ame
1801 1487 1828 1538 tn
1839 1503 1872 1552 re

288 1591 431 1662 australi
460 1601 494 1660 et
523 1590 679 1660 orientali
709 1589 863 1676 partibus
891 1591 935 1658 ab
958 1589 1067 1658 altera
1092 1599 1126 1658 et
1157 1599 1283 1658 terram
1311 1591 1483 1660 alexandri
1512 1591 1648 1678 goitbre
1669 1567 1858 1686 ῗρρῗιῗωα

288 1717 407 1766 versus
429 1698 566 1766 boream
590 1697 656 1764 Pro
671 1717 738 1782 quo
752 1693 888 1780 quidem
911 1715 1026 1764 annuo
1048 1695 1180 1765 redditu
1202 1695 1285 1764 dicti
1298 1695 1445 1766 vicarius
1460 1707 1598 1766 curatus
1613 1707 1647 1766 et
1668 1696 1724 1732 ”²⁸
1735 1681 1815 1747 Μ’

288 1800 411 1870 iratres
436 1799 531 1870 chori
556 1807 591 1868 et
617 1799 670 1868 sui
695 1819 910 1868 successores
933 1799 1114 1886 specialem
1144 1801 1350 1870 tenebuntur
1377 1803 1517 1872 reddere
1545 1803 1647 1872 reiec-
1669 1745 1807 1864 ditm

287 1905 416 1978 tionem
431 1905 588 1976 videlicet
613 1904 771 1976 omnibus
796 1913 830 1974 et
857 1904 1001 1992 singulis
1025 1905 1178 1976 sabbatis
1205 1905 1323 1976 diebus
1348 1927 1409 1994 pro
1434 1929 1512 1976 mea
1533 1907 1648 1977 anima
1670 1877 1855 1995 fflffiw

287 2011 534 2099 animabusque
559 2020 737 2098 parentum
765 2011 1018 2082 benenctomm
1044 2020 1080 2080 et
1107 2033 1225 2080 eorum
1252 2033 1395 2098 qnorum
1418 2013 1550 2083 debitor
1571 2035 1647 2082 sum

287 2133 390 2188 unam
406 2115 576 2186 celebrare
591 2115 731 2186 missam
750 2117 793 2186 dc
814 2117 914 2184 beata
928 2113 1058 2202 virgine
1072 2115 1180 2184 maria
1195 2115 1268 2184 sine
1286 2123 1369 2186 nota
1387 2119 1431 2186 ad
1453 2117 1562 2187 altare
1577 2117 1646 2205 diaj

290 2221 427 2308 martinj
438 2220 493 2290 cui
505 2219 688 2290 celebranti
704 2219 865 2288 collector
875 2219 918 2288 dc
932 2219 1056 2288 salario
1068 2219 1197 2290 scilicet
1212 2230 1359 2308 quatuor
1371 2222 1521 2292 denariis
1530 2222 1648 2292 imme·

290 2327 385 2398 diate‘
393 2324 579 2396 satisfaciet
591 2325 805 2394 INSUPER
814 2323 954 2394 eiisdem
964 2323 1187 2394 melundense
1197 2325 1371 2394 Noueritis
1381 2335 1415 2395 et
1425 2329 1545 2396 eadem
1555 2337 1649 2398 carta

291 2429 558 2502 irreuocabiliter
586 2429 807 2498 confirmasse
836 2429 921 2496 alios
944 2449 1077 2498 annuos
1099 2429 1251 2498 redditus
1272 2432 1316 2498 ad
1339 2451 1509 2500 summam
1529 2432 1650 2518 viginti

291 2535 395 2608 trium
411 2535 595 2604 solidorum
607 2543 641 2602 et
653 2542 798 2620 quatuor
809 2531 1022 2602 denariorum
1034 2535 1077 2602 de
1090 2533 1191 2602 terris
1201 2543 1240 2603 ut
1255 2533 1408 2622 sequitur
1423 2536 1594 2623 Inprimis
1608 2539 1650 2607 de

291 2651 366 2712 tota
395 2649 429 2710 et
459 2639 591 2726 integra
615 2647 708 2708 terra
734 2639 987 2726 capellanorum
1013 2638 1165 2709 eiusdem
1195 2637 1290 2708 chori
1319 2639 1354 2708 in
1380 2639 1456 2709 vico
1480 2641 1649 2712 lureanrm

291 2744 412 2832 prefati
427 2743 524 2830 burgi
540 2765 581 2812 ex
596 2743 797 2812 occidentali
812 2751 909 2829 parte
926 2745 1064 2812 iacente
1079 2741 1168 2812 inter
1182 2751 1309 2812 terram
1321 2746 1491 2830 quondam
1503 2747 1650 2816 Walteri

291 2849 389 2938 quhit
404 2871 446 2920 ex
467 2848 594 2920 boreali
616 2869 658 2917 ex
672 2869 739 2916 vna
754 2858 787 2916 et
806 2857 931 2916 terram
947 2849 1118 2933 quondam
1141 2851 1265 2918 andree
1287 2851 1424 2918 banster
1445 2872 1487 2919 ex
1508 2854 1650 2922 australi

292 2958 335 3026 ab
350 2955 459 3024 altera
479 2963 514 3024 et
536 2973 734 3022 communes
755 2952 835 3022 vias.
850 2951 962 3040 regias
983 2973 1101 3022 versus
1122 2953 1234 3022 oriens
1257 2963 1291 3024 e't
1313 2955 1472 3025 occidens
1494 2957 1651 3046 Quinque

292 3059 419 3130 solidos
440 3069 586 3147 quatuor
602 3057 758 3128 denarios
781 3061 868 3127 Item
889 3061 931 3134 de
952 3057 1272 3146 Iugeribuslprediis
1286 3059 1402 3128 croftis
1416 3061 1489 3130 siue
1504 3063 1595 3150 agris
1610 3065 1651 3132 de

294 3169 506 3252 Inuerrowry
518 3167 559 3232 ln
575 3163 694 3251 primis
708 3165 855 3232 de'terra
870 3163 999 3232 henrici
1016 3163 1189 3232 lohnsoun
1205 3163 1291 3232 inira
1306 3163 1435 3233 dictum
1450 3165 1594 3252 burgum
1610 3189 1651 3236 ex

293 3281 389 3360 parte
404 3269 605 3340 occidentali
628 3268 779 3337 eiusdem
796 3271 891 3337 Inter
903 3277 1012 3336 terras
1027 3268 1153 3354 dominj
1171 3270 1213 3336 de
1227 3269 1403 3338 Warderis
1418 3291 1458 3337 ex
1476 3271 1602 3339 boreali
1617 3281 1651 3340 et

292 3375 434 3446 australi
449 3375 603 3462 partibus
616 3393 833 3444 communem
848 3372 938 3442 viam
954 3371 1082 3459 regiam
1093 3391 1211 3442 versus
1225 3373 1339 3441 oriens
1350 3382 1383 3442 et
1398 3382 1508 3442 terras
1523 3375 1650 3444 domini

293 3479 400 3546 nostri
425 3477 515 3564 regis
539 3497 657 3544 versus
683 3475 841 3543 occidens
867 3477 983 3543 decern
1010 3475 1136 3544 solidos
1163 3477 1217 3544 De
1243 3477 1386 3546 Duobus
1413 3477 1591 3564 Iugeribus
1616 3479 1651 3568 ly

295 3583 404 3654 Rudis
429 3585 600 3670 quondam
625 3581 742 3650 thome
767 3603 855 3668 zong
880 3580 1057 3667 burgensis
1081 3581 1234 3652 eiusdem
1260 3581 1357 3669 burgi
1382 3603 1423 3650 ex
1448 3583 1650 3654 occidentali

293 3699 389 3778 parte
412 3687 608 3757 lacentibus
630 3687 720 3756 inter
738 3697 847 3757 terras
865 3687 992 3775 dominj
1018 3685 1124 3755 nostri
1147 3687 1238 3774 regis
1259 3709 1301 3756 ex
1323 3687 1463 3757 australi
1485 3697 1520 3756 et
1542 3697 1651 3759 terras

293 3793 458 3866 Willelmi
483 3793 666 3862 hemisoun
688 3813 730 3860 ex
751 3793 877 3862 borcali
901 3793 1054 3880 partibus
1079 3794 1123 3862 ab
1146 3793 1253 3862 altera
1273 3801 1418 3880 quatuor
1443 3793 1569 3862 solidos
1596 3797 1650 3864 De

293 3900 391 3969 terris
416 3899 534 3968 thome
558 3897 655 3966 rethe
685 3897 881 3967 lacentibus
909 3899 998 3966 inter
1026 3907 1150 3968 terram
1179 3897 1344 3968 lobannis
1369 3898 1582 3968 brankaucht
1608 3921 1650 3968 ex

275 4014 281 4020 '
293 4004 433 4075 australi
445 4013 479 4072 et
490 4013 615 4072 terram
629 4002 792 4072 Iohannis
806 4004 1005 4074 huchosoun
1017 4025 1058 4072 ex
1069 4003 1195 4074 boreali
1210 4001 1363 4090 partibus
1376 4005 1421 4072 ab
1436 4003 1544 4072 altera
1559 4025 1648 4072 com·

293 4132 430 4180 munem
445 4109 536 4178 viam
551 4108 680 4196 regiam
697 4129 816 4176 versus
837 4109 948 4178 oriens
962 4119 997 4178 et
1011 4118 1137 4178 renam
1152 4107 1280 4194 dominj
1304 4107 1411 4177 nostri
1428 4107 1517 4195 regis
1531 4131 1650 4177 versus

293 4215 451 4285 occidens
465 4215 551 4282 duos
573 4215 699 4282 solidos
722 4215 776 4281 De
797 4213 897 4282 terris
921 4215 1066 4302 hugonis
1087 4235 1176 4300 zong
1196 4213 1283 4282 infra
1305 4213 1433 4281 dictum
1450 4215 1592 4300 burgum
1609 4237 1649 4282 cx

293 4321 448 4391 orientali
474 4330 571 4408 parte
601 4321 751 4390 eiusdem
784 4320 978 4389 lacentibus
1003 4321 1092 4389 inter
1118 4331 1244 4388 terram
1275 4317 1416 4386 ecclesie
1446 4317 1650 4403 parochialis

293 4429 443 4497 eiusdem
459 4449 500 4496 ex
515 4427 641 4496 boreali
657 4450 698 4494 ert
712 4449 778 4496 vna
790 4435 824 4496 ct
835 4437 962 4496 terram
978 4426 1060 4495 dicti
1075 4427 1220 4513 hugonis
1234 4447 1323 4512 zong
1334 4446 1375 4492 ex
1390 4425 1530 4493 australi
1546 4425 1647 4510 parti·

293 4533 356 4601 bus
371 4533 414 4600 ab
425 4533 532 4600 altera
555 4533 639 4600 duos
659 4531 784 4600 solidos
807 4533 1021 4601 INSUPER
1042 4532 1217 4600 Walterus
1237 4530 1447 4607 banzenacht
1463 4529 1647 4599 infeodauit

293 4637 467 4704 dominum
480 4637 581 4705 dauid
594 4639 723 4707 Wauss
734 4639 870 4706 nomine
881 4637 1111 4726 procuratorio
1122 4637 1263 4706 fratrum
1276 4635 1417 4723 predicti
1429 4635 1561 4722 collegij
1574 4635 1643 4722 diuj

959 4742 978 4792 s
