4490 5990
650 717 691 786 74
889 701 988 767 Carta
1009 697 1174 766 alexandri
1196 719 1313 766 manans
1335 698 1373 766 dr
1391 697 1583 786 lindaciona
1604 697 1759 786 lampadis

650 873 746 942 andri
770 875 891 941 bumat
915 893 955 939 ex
978 871 1132 940 orientali
1156 880 1189 939 et
1212 881 1336 939 terram
1360 869 1525 940 Willelmi
1551 869 1692 938 Blinseil
1715 891 1839 957 couper
1860 893 1902 939 ex
1923 871 2010 940 occi-

650 976 777 1045 dentali
798 975 905 1044 xxiiis
927 987 960 1043 et
980 987 1124 1062 quatuor
1144 977 1300 1044 denarios
1323 977 1377 1042 De
1397 975 1503 1044 Terra
1527 975 1690 1044 Iohannis
1712 977 1788 1043 Mar
1809 979 1947 1044 Iacente
1970 997 2010 1043 ex

649 1082 767 1148 eadem
798 1091 894 1166 parte
923 1079 1073 1148 eiusdem
1103 1079 1168 1146 vici
1206 1079 1294 1147 inter
1323 1089 1448 1148 terram
1479 1079 1606 1147 domini
1642 1079 1806 1148 Iohannis
1835 1079 2012 1166 stirueling

649 1183 815 1270 capellani
840 1205 881 1250 ex
904 1181 1059 1251 orientali
1084 1193 1117 1250 et
1142 1193 1266 1251 terram
1292 1184 1453 1252 heredum
1478 1185 1649 1270 quondam
1673 1183 1806 1251 Thome
1831 1183 2010 1272 Chapman

649 1312 690 1357 ex
705 1289 905 1359 occidentali
921 1286 981 1356 xrrtl
999 1287 1125 1357 solidos
1140 1290 1181 1357 de
1196 1300 1286 1357 terra
1303 1287 1467 1357 Iohannis
1483 1289 1632 1357 colisonc
1649 1291 1787 1358 Iacente
1802 1289 1837 1359 in
1852 1291 1927 1359 vico
1944 1293 2010 1360 fur·

650 1413 766 1460 carum
782 1393 817 1460 in
834 1415 919 1460 cono
934 1393 999 1460 vici
1015 1393 1057 1460 de
1072 1393 1317 1480 nethirkirkgat
1341 1415 1442 1479 super
1456 1393 1488 1460 le
1503 1395 1573 1462 nuk
1588 1393 1677 1462 inter
1697 1405 1823 1463 terram
1838 1397 2010 1480 quondam

650 1499 774 1568 roberti
797 1499 930 1568 blinseil
945 1521 987 1568 ex
1010 1499 1135 1568 boreali
1159 1501 1205 1568 Et
1229 1521 1428 1568 communes
1445 1499 1518 1567 vias
1540 1499 1651 1585 regias
1668 1523 1785 1568 versus
1800 1500 1913 1570 oriens
1935 1523 2010 1570 aus·

651 1614 741 1672 trum
757 1613 791 1672 et
807 1605 964 1672 occidens
979 1601 1039 1672 rurl
1056 1625 1073 1672 s
1090 1605 1142 1671 De
1157 1613 1247 1672 terra
1264 1603 1427 1672 Iohannis
1443 1603 1532 1672 Blalr
1548 1605 1686 1672 lacento
1701 1605 1736 1671 in
1751 1605 1870 1674 eodem
1885 1605 1960 1672 vico
1976 1605 2010 1672 in

651 1708 806 1793 opposito
821 1707 911 1776 dicte
926 1718 1014 1776 terre
1031 1707 1194 1776 Iohannis
1210 1707 1382 1776 colisoune
1405 1708 1494 1776 inter
1513 1718 1638 1776 terram
1658 1712 1829 1796 quondam
1844 1709 2011 1780 Willelmi

531 1904 533 1906 v
650 1815 774 1880 andree
797 1835 838 1880 ex
860 1813 1001 1882 australi
1026 1815 1072 1881 Et
1096 1835 1295 1881 communes
1318 1813 1391 1881 vias
1413 1813 1524 1900 regias
1543 1835 1660 1882 versus
1683 1815 1795 1884 on'cns
1817 1824 1850 1883 et
1874 1817 2011 1883 boream

650 1927 684 1985 et
706 1928 830 1986 terram
852 1919 1023 2004 quondam
1046 1917 1213 1988 Willelmi
1236 1927 1355 2004 sprunt
1376 1917 1514 2003 pistoris
1531 1939 1648 1986 versus
1668 1919 1827 1988 occidens
1849 1919 1934 2005 xvjs
1958 1920 2011 1986 De

650 2033 740 2090 terra
768 2023 930 2092 Iohannis
950 2033 1102 2092 watsonc
1129 2024 1267 2090 Iacente
1289 2021 1324 2088 iu
1347 2023 1466 2090 eodem
1486 2021 1561 2088 vico
1587 2021 1675 2090 inter
1696 2032 1821 2090 terram
1840 2023 2011 2108 quondam

653 2129 817 2196 Iohannis
835 2129 904 2216 myl
923 2151 964 2196 ex
978 2129 1104 2198 boreali
1119 2149 1161 2196 ex
1174 2149 1241 2196 vna
1256 2135 1290 2196 et
1305 2136 1430 2196 terram
1449 2127 1701 2212 capellanorum
1719 2127 1852 2214 collegii
1870 2127 2013 2196 ecclesie

653 2234 878 2301 cathederalis
903 2231 1136 2302 abirdonensis
1156 2253 1197 2299 ex
1218 2231 1359 2301 australi
1382 2241 1416 2298 et
1440 2251 1638 2298 communes
1660 2230 1734 2300 vias
1759 2231 1870 2317 regias
1894 2253 2013 2299 versus

653 2337 766 2405 oriens
780 2349 814 2405 et
829 2337 987 2406 occidens
1001 2338 1033 2424 vj
1047 2359 1064 2406 s
1078 2337 1134 2424 viij
1148 2339 1170 2405 d
1190 2339 1232 2406 de
1246 2346 1336 2404 terra
1354 2335 1456 2404 dauid
1477 2357 1551 2404 mar
1570 2338 1707 2404 Iacente
1722 2357 1764 2404 ex
1781 2338 1900 2404 eadem
1916 2347 2012 2422 parte

625 2494 633 2512 .
654 2444 734 2512 dicti
750 2443 815 2530 vioj
832 2443 920 2512 inter
934 2454 1058 2513 terram
1079 2444 1196 2512 thome
1216 2442 1370 2512 buchane
1390 2441 1528 2527 pistoris
1542 2463 1585 2508 ex
1599 2441 1724 2511 boreali
1740 2451 1773 2509 et
1788 2451 1914 2510 terram
1930 2440 2012 2510 dicti

651 2552 822 2636 quondam
846 2549 1010 2618 Iohannis
1032 2549 1125 2636 myln
1147 2569 1265 2616 versus
1287 2557 1441 2616 austrum
1463 2545 1551 2632 viijs
1573 2549 1615 2615 de
1637 2549 1784 2632 quadam
1807 2546 1903 2634 peria
1924 2555 2013 2614 terre

651 2663 747 2721 vaste
766 2653 801 2720 in
822 2653 896 2740 luty
910 2656 1096 2723 secundum
1117 2662 1269 2722 tenorem
1292 2652 1431 2738 antique
1451 2651 1602 2736 cartcvij
1617 2661 1683 2718 set
1698 2671 1788 2719 nunc
1812 2651 1923 2720 soluat
1947 2650 2012 2718 nisi

651 2759 736 2826 duos
762 2757 888 2826 solidos
912 2760 966 2826 De
988 2759 1135 2844 quadam
1158 2766 1248 2824 terra
1274 2754 1410 2842 penitus
1432 2764 1530 2822 vasta
1552 2764 1586 2822 et
1612 2753 1821 2840 inhospitata
1841 2757 2012 2840 quondam

621 2893 622 2896 ¹
654 2863 816 2932 Iohannis
831 2863 941 2950 prolyt
966 2867 1103 2932 Iacente
1118 2861 1154 2929 in
1169 2861 1243 2929 vico
1263 2859 1413 2929 Nauium
1434 2859 1523 2927 inter
1539 2871 1664 2928 terram
1687 2859 1833 2928 richardi
1856 2860 2012 2930 craulurd

653 2989 693 3034 ex
702 2967 842 3036 australi
859 2969 907 3035 Et
920 2978 1045 3036 terram
1061 2967 1231 3053 quondam
1247 2965 1333 3051 petri
1349 2963 1474 3050 kynidy
1489 2985 1530 3032 ex
1545 2963 1670 3034 borcali
1688 2985 1736 3031 vs

741 3075 883 3142 Summa
898 3073 999 3141 huius
1014 3069 1200 3159 capellanie
1215 3071 1247 3156 vj
1265 3070 1312 3138 lib
1330 3070 1391 3155 vjs

1278 3445 1394 3512 XLII.

658 3605 756 3673 Carta
780 3605 947 3672 alexandri
969 3625 1087 3672 manns
1109 3605 1294 3690 confirmata
1312 3609 1483 3690 persuum
1506 3599 1692 3690 asperiorem
1713 3608 1742 3668 st
1757 3609 1816 3690 prr
1839 3607 2015 3690 supremum

742 3725 905 3794 dominnm
932 3732 1071 3793 nostrum
1099 3745 1202 3812 regern
1230 3723 1419 3810 morlr'jlaala
1447 3723 1484 3789 dr
1505 3721 1697 3810 fundacione
1726 3723 1881 3812 lampadis
1910 3743 2015 3790 coram

743 3849 913 3918 domabili
932 3855 1123 3918 sacrannnlo
1139 3847 1300 3938 pendentis
1321 3855 1365 3914 etc

708 4009 896 4079 ACOBUS
918 4009 972 4078 dei
994 4009 1109 4096 gracia
1133 4011 1206 4076 Rex
1230 4007 1410 4076 Scotorum
1438 4007 1660 4076 OMNIBUS
1684 4005 1798 4092 probis
1821 4005 2015 4074 hominibus

750 4113 861 4182 tocius
881 4124 969 4184 terre
992 4137 1052 4182 sue
1075 4113 1216 4183 Clericis
1238 4123 1271 4181 et
1295 4113 1390 4182 laicis
1416 4113 1563 4182 salutern
1586 4111 1770 4180 SCIA'IIS
1796 4131 1859 4178 nos
1884 4119 2014 4178 cartam

656 4231 691 4288 et
714 4219 847 4288 literam
871 4219 1078 4306 subscriptas
1100 4219 1255 4288 videlicet
1279 4222 1419 4288 Cartam
1446 4219 1572 4287 iactam
1595 4239 1655 4304 par
1674 4215 1836 4286 dilectum
1861 4227 2014 4284 nostrum

656 4326 885 4392 Alexandrum
910 4324 1058 4392 menzeis
1083 4325 1332 4393 aldirmannum
1358 4323 1454 4409 burgi
1478 4322 1585 4390 nostri
1607 4324 1649 4390 de
1673 4321 1812 4396 abirden
1836 4341 1914 4389 cum
1937 4341 2015 4388 con·

657 4451 759 4496 sensu
775 4439 808 4496 et
824 4450 966 4497 assensu
984 4430 1098 4500 dilecti
1115 4429 1367 4517 Consanguinei
1379 4429 1486 4497 nostri
1497 4427 1679 4495 Alexandri
1692 4426 1836 4494 Comitis
1848 4425 2015 4494 buchanic

655 4533 784 4600 domiui
802 4535 843 4606 de
857 4535 1073 4603 vchtirhouss
1090 4545 1124 4604 et
1142 4535 1279 4604 baronis
1294 4537 1335 4604 de
1350 4537 1526 4622 grandoun
1549 4533 1602 4600 sui
1625 4531 1753 4600 domiui
1775 4531 1956 4617 superioris
1974 4533 2015 4600 dc

656 4659 723 4706 vno
745 4661 858 4708 annuo
882 4641 1014 4710 redditu
1037 4641 1140 4712 trium
1163 4642 1324 4712 librarum
1347 4643 1490 4710 levando
1512 4641 1554 4710 dc
1576 4639 1674 4708 terris
1696 4641 1738 4708 de
1761 4638 1920 4724 balmady
1937 4657 2015 4706 cum
