4460 5984
587 703 590 710 -
688 655 789 730 carra
809 657 932 730 ᾰοηιίηἰ
952 657 1051 730 dauid
1076 662 1187 730 Warus
1559 662 1619 732 181

262 834 431 920 expressis
456 855 624 902 consensu
647 845 682 901 et
708 856 850 902 assensu
876 835 1049 922 reuerendj
1078 835 1113 902 in
1140 835 1266 903 christo
1292 835 1399 922 patris
1424 857 1465 904 ac
1491 836 1618 922 dominj

261 939 401 1006 villelmi
428 939 644 1006 miseratione
673 941 788 1008 diuina
818 941 1066 1008 Aberdonensis
1092 941 1240 1028 episcopj
1269 943 1387 1028 decanj
1414 953 1449 1009 et
1480 943 1617 1030 capitulj

261 1045 412 1112 eiusdem
428 1046 472 1112 ad
487 1045 551 1110 hoc
566 1055 763 1112 vocatorum
779 1048 828 1114 Ac
847 1047 1078 1134 capitulariter
1099 1058 1380 1133 congregatorum
1397 1048 1511 1116 citatis
1526 1047 1619 1134 prius

261 1149 418 1218 omnibus
440 1149 603 1216 interesse
627 1150 830 1218 habentibus
855 1154 898 1223 ad
925 1153 1081 1219 effectum
1108 1151 1358 1238 infrascriptum
1385 1173 1444 1237 per
1469 1151 1618 1218 edictum

260 1255 431 1340 publicum
453 1254 487 1320 in
505 1255 615 1322 valuis
637 1257 758 1322 domus
778 1257 974 1343 capitularis
997 1258 1147 1324 eiusdem
1170 1278 1229 1343 per
1251 1257 1429 1323 interualla
1452 1256 1566 1323 debita
1580 1265 1616 1322 vt

260 1359 364 1424 moris
380 1369 431 1426 est
447 1359 584 1426 affixum
601 1363 845 1448 commodoque
867 1373 901 1430 et
923 1363 1068 1430 utilitate
1092 1363 1181 1430 dicte
1204 1384 1278 1429 mee
1301 1361 1487 1448 capellanie
1502 1362 1537 1428 in
1553 1362 1617 1429 hac

260 1473 355 1548 parte
377 1466 530 1548 vndeque
557 1465 701 1550 preuisis
723 1477 757 1533 et
781 1467 1002 1535 consideratis
1025 1490 1065 1535 ac
1088 1489 1149 1553 pro
1175 1467 1451 1554 augmentatione
1477 1467 1618 1533 rentalis

260 1567 410 1635 eiusdem
433 1570 565 1636 dedisse
588 1571 796 1638 concessisse
811 1583 845 1640 et
861 1575 904 1640 ad
919 1573 1141 1640 leodifirmam
1165 1595 1313 1640 annuam
1338 1571 1536 1638 Pentionem
1556 1593 1616 1638 seu

259 1671 496 1758 emphiteosim
507 1675 676 1742 dimisisse
688 1687 721 1742 et
731 1667 795 1744 hac
806 1690 961 1764 presente
973 1689 1066 1746 carte
1077 1677 1147 1763 [sic]
1158 1699 1235 1744 mea
1247 1677 1464 1744 confirmasse
1474 1677 1616 1742 Necnon

259 1799 318 1862 per
333 1789 507 1864 presentes
522 1783 602 1848 dare
622 1785 805 1850 concedere
821 1795 854 1850 et
870 1786 913 1852 ad
928 1785 1149 1852 leodifirmam
1169 1805 1317 1850 annuam
1338 1781 1536 1848 Pentionem
1557 1801 1616 1846 seu

258 1883 494 1968 emphiteosim
506 1885 675 1954 dimittere
687 1897 721 1954 et
736 1890 800 1956 hac
813 1901 967 1975 presente
983 1901 1074 1957 carte
1087 1911 1162 1956 mea
1179 1889 1378 1955 confirmare
1394 1885 1533 1972 prouido
1545 1883 1616 1950 viro

259 1985 403 2070 Iohannj
428 1987 538 2054 Waus
560 1989 630 2056 lilio
653 1999 686 2056 et
710 1991 822 2077 heredj
848 1994 1018 2077 quondam
1041 1991 1186 2076 richardi
1205 1992 1315 2059 Waus
1334 1989 1414 2056 olim
1438 1987 1615 2072 burgensis

257 2089 298 2154 de
314 2090 478 2156 aberdene
494 2089 565 2157 suis
580 2091 759 2160 heredibus
774 2103 807 2160 et
824 2093 1006 2180 assignatis
1022 2105 1130 2160 totam
1147 2103 1180 2158 et
1196 2092 1363 2178 integram
1379 2090 1472 2156 illam
1489 2099 1614 2155 terram
1668 2145 1674 2164 ,

256 2189 346 2256 dicte
376 2191 562 2276 capellanie
592 2215 666 2260 mee
696 2195 949 2264 incumbentem
983 2206 1017 2263 et
1053 2196 1282 2263 Pertinentem
1318 2195 1491 2260 Iacentem
1529 2191 1615 2258 infra

256 2292 384 2362 dictum
408 2296 550 2381 burgum
574 2297 615 2362 de
638 2299 803 2366 aberdene
826 2299 860 2365 in
876 2299 951 2366 vico
974 2299 1099 2384 caustrj
1121 2321 1161 2364 ex
1183 2307 1279 2383 parte
1302 2296 1442 2380 australj
1463 2295 1613 2362 eiusdem

254 2396 320 2482 vicj
352 2397 440 2466 inter
476 2408 601 2466 terram
637 2403 761 2468 andree
791 2403 924 2470 cullane
958 2425 999 2468 ex
1028 2401 1227 2485 occidentalj
1260 2421 1300 2466 ex
1329 2421 1396 2466 vna
1426 2409 1459 2464 et
1489 2408 1613 2464 terram

254 2501 419 2589 Willelmj
459 2505 590 2571 rolland
631 2507 772 2573 senioris
812 2529 853 2573 ex
891 2508 1044 2593 orientalj
1095 2506 1248 2594 partibus
1290 2505 1332 2571 ab
1370 2503 1477 2570 altera
1524 2523 1614 2569 com·

255 2627 392 2672 munem
408 2607 498 2674 viam
514 2609 641 2695 regiam
657 2632 774 2678 versus
797 2615 933 2680 boream
949 2623 982 2680 et
998 2623 1123 2679 terram
1139 2609 1304 2694 Willelmj
1324 2609 1455 2676 rolland
1471 2606 1614 2674 senioris

255 2711 416 2798 antedictj
444 2735 561 2781 versus
587 2725 741 2783 austrum
768 2717 965 2785 Tenendam
989 2729 1022 2784 et
1046 2719 1236 2785 habendam
1259 2725 1367 2782 totam
1391 2723 1425 2780 et
1445 2713 1612 2798 integram

255 2813 381 2880 dictam
411 2825 536 2883 terram
564 2839 641 2884 cum
668 2819 884 2905 pertinenciis
911 2821 1002 2888 dicto
1029 2820 1172 2905 Iohannj
1201 2821 1312 2888 Waus
1338 2816 1409 2884 suis
1434 2814 1614 2882 heredibus

254 2925 288 2982 et
314 2916 497 3003 assignatis
520 2921 646 3006 absque
672 2931 788 2989 tamen
814 2921 992 2995 dimisione
1019 2923 1169 2991 eiusdem
1196 2924 1255 2989 sed
1281 2921 1316 2988 in
1342 2919 1510 3006 integrum
1538 2941 1612 2986 suc-

253 3019 385 3104 cedentj
417 3022 460 3088 ad
496 3023 638 3090 eandem
669 3025 710 3090 de
740 3045 795 3091 me
824 3035 858 3092 et
893 3026 1145 3094 successoribus
1181 3023 1266 3091 meis
1303 3023 1488 3110 capellanis
1521 3023 1610 3089 dicte

253 3121 440 3207 capellanie
459 3123 493 3190 in
511 3125 700 3194 leudifinna
723 3127 970 3214 imperpetuum
994 3131 1082 3198 Cum
1105 3127 1198 3195 omni
1223 3129 1301 3194 Iure
1321 3137 1354 3193 et
1375 3125 1463 3193 Iuris
1482 3125 1612 3192 clameo

252 3223 352 3292 titulo
374 3226 578 3312 proprietate
600 3239 634 3295 et
658 3229 872 3316 possessione
895 3253 973 3298 cum
1000 3229 1122 3298 debitis
1144 3227 1352 3315 longitudine
1375 3237 1409 3294 et
1432 3226 1611 3294 latitudine

253 3348 331 3394 cum
347 3329 488 3396 edificiis
503 3332 646 3416 desuper
666 3333 870 3400 constructis
890 3343 924 3400 et
947 3331 1182 3401 construendis
1204 3353 1244 3399 ac
1265 3351 1343 3398 cum
1364 3329 1521 3398 omnibus
1536 3329 1613 3396 aliis
1647 3321 1653 3337 '

252 3439 286 3496 et
313 3429 456 3516 singulis
481 3431 692 3501 libertatibus
714 3435 1012 3504 commoditatibus
1032 3434 1230 3502 asiamentis
1252 3455 1293 3500 ac
1317 3432 1422 3500 Iustis
1446 3432 1517 3499 suis
1539 3453 1611 3517 per·

251 3531 409 3600 tinenciis
428 3535 683 3622 quibuscunque
705 3547 777 3606 tam
800 3559 867 3606 non
886 3537 1070 3606 nominatis
1085 3559 1187 3623 quam
1204 3535 1388 3604 nominatis
1403 3545 1474 3602 tam
1491 3536 1611 3602 subtus

251 3645 342 3704 terra
365 3659 468 3723 quam
491 3659 594 3725 supra
615 3649 742 3708 terram
765 3643 808 3708 ad
832 3643 974 3708 eandem
998 3639 1230 3726 spectantibus
1257 3661 1316 3706 seu
1343 3637 1431 3704 iuste
1458 3646 1612 3724 spectare

251 3740 443 3810 valentibus
473 3743 723 3827 quomodolibet
760 3744 796 3810 in
832 3744 982 3812 futurum
1020 3743 1122 3810 libere
1159 3741 1271 3827 quiete
1301 3740 1451 3827 plenarie
1481 3739 1610 3824 integre

251 3843 434 3911 honorifice
453 3846 537 3912 bene
559 3854 593 3911 et
616 3847 650 3912 in
673 3867 756 3932 pace
780 3846 852 3914 sine
873 3847 1114 3933 impedimento
1130 3845 1305 3914 obstaculo
1321 3857 1380 3911 aut
1395 3841 1610 3911 reuocatione

251 3947 388 4034 aliqualj
417 3947 481 4034 mej
507 3958 566 4016 aut
589 3970 822 4016 successorum
849 3971 1001 4018 meorum
1028 3949 1280 4034 capellanorum
1307 3946 1395 4014 dicte
1422 3943 1610 4030 capellanie

250 4071 311 4117 seu
326 4050 469 4118 aliorum
485 4071 760 4138 quorumcunque
780 4052 816 4118 in
838 4053 989 4120 futurum
1011 4053 1197 4118 Reddendo
1212 4051 1289 4117 inde
1305 4047 1482 4116 annuatim
1498 4047 1609 4114 dictus

252 4155 423 4220 lohannes
438 4154 579 4220 heredes
594 4155 644 4240 suj
662 4164 696 4220 et
711 4155 875 4240 assignatj
894 4153 1076 4240 supradictj
1090 4153 1193 4238 michj
1211 4162 1244 4218 et
1260 4149 1511 4218 successoribus
1522 4147 1609 4214 meis

251 4258 436 4344 capellanis
452 4259 541 4326 dicte
564 4260 750 4344 capellanie
765 4283 868 4326 vnum
892 4282 1043 4327 annuum
1064 4260 1231 4327 redditum
1248 4255 1471 4343 quadraginta
1487 4254 1608 4321 solido-

250 4383 326 4428 rum
343 4371 478 4428 monete
501 4361 610 4428 scocie
627 4373 660 4428 et
676 4363 710 4428 in
734 4363 1045 4448 augmentationem
1060 4361 1205 4428 tentalis
1220 4361 1309 4428 dicte
1333 4381 1406 4426 mee
1422 4359 1608 4444 capellanie

250 4485 419 4530 summam
435 4463 552 4548 vigintj
571 4464 753 4530 solidorum
770 4465 919 4532 eiusdem
937 4475 1071 4532 monete
1087 4467 1324 4531 extendentem
1340 4463 1375 4528 in
1391 4472 1463 4528 toto
1479 4463 1522 4528 ad
1538 4471 1608 4527 tres

249 4563 352 4632 libras
367 4565 558 4652 supradicte
579 4576 714 4632 monete
730 4569 772 4634 ad
788 4569 873 4634 duos
891 4569 970 4654 annj
989 4568 1153 4634 terminos
1173 4576 1387 4652 pentecostes
1401 4565 1557 4632 videlicet
1573 4575 1606 4632 et
