4472 5992
619 683 641 750 4
861 669 973 736 Litora
994 669 1098 758 Regia
1119 671 1155 737 de
1177 669 1395 758 Redemptum
1418 670 1564 737 Crtshlmc
1586 667 1671 736 Salis
1695 667 1741 735 ὅτ

644 837 875 928 uibuscunque
894 843 1149 930 quibuscunque
1167 842 1374 930 temporibus
1390 863 1491 928 super
1511 839 1719 911 subiectione
1745 839 1855 926 Regni
1876 838 1982 907 scotie

646 943 676 1012 el
697 947 889 1014 Incolarum
912 947 1064 1016 eiusdem
1088 971 1147 1034 per
1167 969 1384 1034 quoscunque
1409 950 1521 1032 Reges
1536 947 1590 1013 uel
1613 945 1743 1013 incolas
1765 943 1906 1013 clericos
1928 943 1983 1012 uel

636 1049 729 1118 aicos
751 1051 858 1137 ipsius
881 1053 991 1139 Regni
1012 1055 1125 1122 Scotie
1145 1075 1204 1140 pro
1222 1053 1320 1122 nobis
1338 1053 1518 1120 heredibus
1535 1063 1569 1120 et
1588 1051 1839 1120 successoribus
1860 1049 1985 1118 nostris

623 1151 828 1222 remittimus
854 1155 990 1242 penitus
1016 1167 1049 1224 et
1076 1157 1214 1224 omnino
1242 1159 1288 1224 Et
1316 1156 1343 1223 si
1368 1177 1432 1242 que
1455 1155 1550 1224 litere
1574 1165 1667 1224 carte
1694 1155 1905 1224 munimenta
1929 1155 1984 1222 uel

623 1254 849 1326 instrumenta
871 1259 1081 1345 reperiantur
1101 1263 1143 1330 de
1166 1269 1278 1330 cetero
1300 1259 1491 1346 ubicunque
1514 1281 1615 1346 super
1636 1258 1830 1328 huiusmodi
1857 1259 1984 1344 obliga·

623 1361 773 1432 tionibus
790 1365 1071 1436 conuentionibus
1086 1377 1120 1434 et
1136 1365 1247 1453 pactis
1267 1365 1419 1434 coniecta
1434 1365 1489 1434 uel
1505 1367 1658 1434 confecta
1676 1387 1737 1452 pro
1755 1365 1863 1434 cassis
1880 1363 1985 1432 irritis

623 1463 782 1538 inanibus
814 1479 848 1538 et
877 1471 995 1540 vacuis
1029 1473 1219 1542 habeantur
1251 1471 1443 1558 nulliusque
1461 1472 1636 1540 'nolumus
1669 1493 1745 1539 csse
1773 1470 1898 1540 valoris
1929 1469 2005 1538 uel'

624 1573 787 1642 momenti
815 1577 861 1642 Et
887 1578 930 1644 ad
957 1576 1123 1664 premissa
1145 1577 1260 1646 omnia
1282 1587 1316 1645 et
1339 1576 1473 1664 singula
1499 1577 1597 1664 plene
1623 1575 1763 1664 pacifice
1785 1586 1819 1644 et
1841 1575 1986 1644 fideliter

623 1677 795 1764 perpetuis
820 1681 1029 1766 temporibus
1058 1683 1270 1750 obseruanda
1295 1681 1429 1749 dilectis
1454 1691 1488 1750 et
1514 1681 1671 1750 fidelibus
1696 1679 1822 1748 nostris
1847 1680 1985 1748 henrico

623 1782 665 1850 de
688 1783 844 1870 parciaco
866 1787 1119 1873 consanguineo
1141 1797 1257 1855 nostro
1280 1797 1313 1854 et
1337 1786 1512 1856 Willelmo
1535 1789 1576 1854 de
1599 1786 1632 1854 la
1655 1772 1784 1854 Soucht
1807 1807 1847 1854 ac
1868 1805 1984 1853 eorum

624 1889 721 1958 alteri
742 1892 785 1959 ad
804 1903 1054 1962 sacramentum
1073 1893 1108 1960 in
1128 1893 1277 1962 animam
1294 1903 1445 1961 nostram
1462 1891 1539 1960 inde
1554 1893 1773 1978 prestandum
1792 1911 1852 1977 per
1869 1889 1986 1958 literas

623 2006 759 2065 nostras
788 2007 945 2085 patentes
971 2001 1106 2086 plenam
1134 1999 1289 2068 dedimus
1315 2007 1519 2085 potestatem
1545 2019 1585 2066 ac
1609 1998 1809 2064 mandatum
1839 1993 1986 2081 speciale

624 2103 754 2171 Datum
770 2105 861 2190 apud
876 2104 1057 2174 Abriacum
1078 2104 1256 2192 primodie
1272 2103 1400 2174 mensis
1421 2103 1537 2191 marcij
1554 2105 1654 2172 Auno
1674 2103 1782 2190 gratie
1803 2101 1984 2170 millesimo

624 2205 855 2277 tricentesimo
869 2209 1030 2279 vicesimo
1045 2220 1169 2280 octauo

1275 2489 1336 2556 1v.

624 2611 725 2700 Copia
750 2612 836 2680 litora
857 2613 956 2700 Regia
981 2613 1017 2680 de
1043 2613 1261 2702 Redemptiom
1286 2613 1432 2682 Crotum
1458 2611 1544 2680 Salis
1566 2618 1595 2678 el
1618 2611 1750 2700 pellium
1775 2632 1907 2678 cmwuse
1927 2617 1985 2696 per

908 2719 928 2784 I
929 2717 1161 2786 llrrstrissimum
1175 2718 1349 2805 pompam
1364 2718 1384 2783 I
1384 2717 1513 2784 aoobum
1528 2717 1705 2784 Secundum

677 2839 866 2908 ACOBUS
877 2839 930 2906 dei
945 2839 1056 2926 gratia
1073 2843 1145 2906 Rex
1161 2851 1331 2907 scotorum
1348 2841 1515 2910 Omnibus
1535 2840 1648 2926 probis
1663 2839 1856 2908 hominibus
1876 2837 1987 2906 tocius

686 3027 690 3038 ἡ
721 2951 808 3010 terre
828 2965 889 3012 sue
909 2943 1039 3012 clericis
1053 2954 1088 3012 ct
1104 2943 1200 3012 laicis
1220 2945 1365 3014 salutem
1390 2945 1514 3014 Sciatis
1529 2967 1592 3013 nos
1614 2967 1674 3032 pro
1695 2943 1857 3031 singulari
1871 2944 1987 3012 fauore

626 3067 726 3133 quem
744 3047 893 3134 gerimus
911 3069 991 3134 erga
1009 3048 1151 3116 dilectos
1171 3058 1305 3118 nostros
1326 3059 1530 3118 mercatores
1548 3052 1731 3136 burgenses
1749 3058 1782 3116 et
1801 3047 1987 3116 communi·

625 3161 733 3220 tatem
760 3152 856 3240 burgi
882 3153 988 3222 nostri
1018 3154 1059 3221 de
1086 3155 1251 3222 aberdene
1277 3165 1311 3222 et
1337 3176 1398 3241 pro
1424 3155 1496 3222 suis
1521 3154 1679 3242 gratuitis
1708 3152 1860 3222 seruiciis
1890 3153 1987 3222 nobis

626 3257 792 3326 hactenus
823 3257 1056 3345 multipliciter
1085 3257 1249 3345 impensis
1278 3259 1412 3328 dedisse
1442 3259 1650 3328 concessisse
1680 3269 1713 3327 et
1743 3259 1808 3328 hac
1840 3255 1987 3344 presenti

626 3373 721 3433 carta
741 3373 857 3433 nostra
879 3365 1099 3434 confirmasse
1121 3387 1181 3452 pro
1203 3365 1301 3436 nobis
1323 3365 1513 3453 nostrisque
1536 3365 1714 3435 heredibus
1734 3374 1768 3433 et
1788 3363 1989 3434 successori·

627 3471 691 3538 bus
710 3491 771 3556 pro
793 3479 954 3556 perpetuo
976 3469 1115 3556 prelatis
1138 3471 1360 3558 burgensibus
1382 3483 1416 3540 et
1439 3471 1676 3540 communitati
1699 3469 1794 3556 burgi
1817 3468 1924 3538 nostri
1947 3471 1989 3538 de

628 3577 793 3644 aberdeue
822 3595 1005 3661 eorumque
1034 3576 1213 3646 heredibus
1242 3587 1276 3644 et
1306 3577 1557 3646 successoribus
1586 3576 1809 3662 burgensibus
1838 3575 1988 3642 eiusdem

628 3677 724 3766 burgi
742 3688 778 3748 vt
797 3677 861 3766 ipsi
884 3679 1055 3766 perpetuis
1077 3679 1199 3750 futuris
1221 3681 1430 3768 temporibus
1450 3681 1543 3750 liberi
1567 3679 1713 3750 absoluti
1735 3690 1769 3747 et
1792 3677 1897 3765 quieti
1920 3677 1989 3746 sint

628 3785 671 3852 ab
693 3781 786 3851 omni
812 3783 980 3852 solutione
1005 3795 1161 3854 custume
1187 3785 1270 3854 salis
1295 3796 1328 3854 et
1356 3786 1494 3872 pellium
1521 3785 1786 3872 subscriptarum
1809 3783 1990 3870 vulgariter

627 3885 794 3956 dictamm
830 3887 1010 3975 skorlingis
1043 3889 1230 3976 skaldingis
1262 3889 1389 3958 luteiell
1423 3889 1618 3958 lentrinwar
1649 3887 1884 3976 lambskynnis
1916 3889 1989 3956 tod-

628 3991 779 4078 skyunys
808 3991 1025 4080 calfslrynnys
1054 3995 1341 4082 cunyngskynnys
1369 3993 1604 4082 ottirskynnys
1630 4003 1664 4060 et
1690 3993 1989 4079 ioumartskyunys

628 4097 675 4164 Et
705 4105 910 4164 mercatores
936 4117 976 4165 ac
1002 4099 1186 4184 burgenses
1215 4101 1257 4167 de
1282 4101 1448 4168 aberdeue
1477 4119 1659 4184 eorumque
1684 4098 1826 4165 heredes
1851 4107 1886 4164 et
1914 4117 1988 4166 suc·

627 4223 779 4270 cessores
807 4199 890 4270 dicti
920 4201 1015 4288 burgi
1046 4203 1230 4289 burgenses
1259 4205 1301 4272 de
1331 4202 1507 4272 Solutionc
1541 4201 1631 4271 dicte
1661 4211 1817 4270 custume
1843 4199 1925 4270 salis
1954 4209 1989 4268 et

627 4307 766 4394 pellium
789 4305 1016 4393 predictarum
1040 4307 1249 4377 absoluimus
1271 4331 1493 4378 exoneramus
1513 4318 1546 4376 ct
1567 4307 1695 4395 quittos
1717 4307 1908 4376 clamamus
1929 4326 1990 4393 pro

626 4412 724 4482 nobis
746 4423 780 4481 et
802 4413 928 4480 nostris
953 4415 1204 4484 successoribus
1230 4436 1290 4501 pro
1313 4425 1474 4502 perpetuo
1500 4417 1656 4482 Preterea
1679 4413 1837 4482 volumus
1862 4433 1903 4480 ac
1928 4433 1989 4498 pro

626 4515 724 4586 nobis
747 4527 782 4585 et
806 4515 932 4585 nostris
955 4519 1207 4588 successoribus
1233 4521 1450 4589 concedimus
1473 4519 1574 4588 dictis
1598 4518 1821 4606 burgensibus
1842 4527 1876 4584 et
1899 4537 1989 4584 com·

626 4621 785 4691 munitati
812 4625 853 4691 dc
876 4625 1041 4692 aberdene
1072 4625 1212 4696 liberam
1244 4637 1449 4712 potestatem
1476 4637 1577 4711 atque
1600 4625 1798 4694 facultatem
1823 4619 1988 4690 vendendi
