4460 5984
640 621 811 694 Coanmuae
832 623 964 694 Rentale
987 621 1229 714 capetianorum
1243 621 1362 694 aalma
1618 621 1680 714 189

983 846 1011 913 C

321 967 492 1038 Commrme
513 967 645 1034 aaran
665 967 907 1056 capellanorum
925 965 1045 1032 ecclesie
1064 965 1134 1052 diuj
1152 965 1282 1052 naohij
1301 966 1338 1031 de
1355 965 1501 1031 obirdme
1516 965 1552 1030 de
1567 965 1680 1032 annuis
1704 975 1748 1028 tol.
1763 973 1811 1030 7⁶¹

433 1069 604 1136 redditibus
618 1070 731 1138 malem
745 1069 910 1156 infeodatis
925 1075 960 1134 al
975 1067 1108 1136 lucidius
1118 1075 1176 1156 per
1189 1069 1347 1156 scannia
1357 1069 1476 1156 patebit
1490 1075 1534 1134 etc
1546 1067 1566 1108 ⁴

369 1191 399 1258 N
422 1189 540 1278 primis
563 1212 623 1278 pro
644 1189 781 1258 domino
803 1191 931 1256 Ioanne
952 1187 1106 1275 kingorin
1128 1192 1297 1274 quondam
1313 1189 1438 1256 vicario
1457 1190 1498 1256 de
1521 1187 1679 1256 abirdene

411 1294 453 1360 de
469 1292 575 1360 crofto
591 1294 761 1378 quondam
776 1291 991 1378 roberti'prat
1007 1312 1110 1378 prope
1126 1292 1358 1358 molendinum
1375 1291 1556 1378 iusticiarij
1602 1311 1624 1356 x
1635 1293 1683 1362 sl

411 1399 499 1464 Item
515 1419 574 1484 pro
590 1400 708 1466 eodem
724 1401 766 1466 de
781 1409 871 1465 terra
886 1397 1018 1483 gilbertj
1037 1397 1164 1465 littstar
1180 1398 1214 1464 in
1230 1397 1305 1466 vico
1320 1397 1417 1464 viridi
1466 1397 1513 1482 iiij
1532 1419 1548 1464 s
1565 1397 1612 1482 iiij
1630 1400 1682 1478 di

412 1501 501 1568 Item
525 1521 584 1586 pro
607 1503 725 1568 eodem
751 1501 793 1568 de
820 1510 909 1568 terra
935 1501 1105 1584 quondam
1130 1497 1245 1568 Iacobi
1264 1500 1419 1586 kennedy
1441 1521 1531 1566 nunc
1561 1499 1684 1567 roberti

323 1602 478 1688 kennedy
493 1601 528 1668 in
544 1605 662 1669 eodem
678 1603 753 1669 vico
1578 1623 1621 1668 xx
1632 1599 1683 1688 di

411 1705 554 1772 Summa
569 1704 670 1772 huius
685 1705 739 1772 xvi
757 1727 774 1770 s

412 1809 499 1874 Item
523 1829 584 1894 pro
609 1807 747 1896 domino
773 1807 907 1875 roberto
932 1815 1101 1892 patosoun
1128 1806 1304 1894 capellano
1331 1809 1372 1874 de
1399 1817 1489 1874 terra
1514 1809 1684 1894 quondam

323 1909 449 1996 dominj
467 1909 583 1978 thome
599 1911 725 1996 heruey
740 1931 834 1996 nunc,
854 1909 1009 1976 ministro
1025 1920 1146 1976 sancte
1161 1910 1324 1978 trinitatis
1339 1931 1399 1995 per
1414 1933 1477 1978 nos
1491 1910 1686 1996 capellanos

320 2011 415 2078 chori
430 2012 498 2097 diuj
517 2012 651 2098 nicolaij
676 2013 718 2080 de
741 2011 900 2079 abirdene
923 2022 956 2077 et
980 2011 1051 2078 suis
1078 2013 1335 2080 successoribus
1358 2011 1519 2080 infeodati
1546 2015 1685 2082 Iacente

322 2113 357 2179 in
372 2113 447 2180 vico
463 2114 603 2181 nauium
621 2117 721 2182 quta
737 2123 854 2180 sancte
870 2111 1034 2180 trinitatis
1049 2113 1161 2180 locum
1576 2137 1620 2182 ax
1635 2139 1652 2182 s
1668 2118 1681 2200 Ι

259 2285 263 2292 ,
411 2217 499 2284 Item
515 2239 575 2302 pro
591 2219 709 2284 eodem
726 2218 767 2286 de
783 2216 890 2284 croito
902 2217 1073 2302 quondam
1085 2217 1258 2300 alexandri
1272 2239 1346 2286 mar
1357 2239 1448 2286 nunc
1461 2218 1599 2289 loannis
1611 2240 1686 2286 mar

325 2317 426 2386 quta
441 2319 614 2408 crapstain
1544 2321 1645 2408 xsvj
1663 2323 1684 2390 d
1721 2313 1726 2326 '

411 2421 498 2490 Item
521 2443 582 2509 pro
603 2424 722 2511 eodem
737 2424 779 2488 de
794 2421 901 2489 croito
923 2421 1047 2490 roberti
1070 2421 1190 2488 culane
1211 2444 1301 2490 nunc
1327 2423 1465 2492 Ioannis
1485 2424 1606 2492 calane
1621 2423 1685 2510 iijs

614 2610 617 2618 Α
1575 2527 1686 2615 vidi

413 2627 556 2695 Summa
571 2625 673 2694 huius
687 2625 801 2712 xxxiiij
819 2649 836 2692 s

413 2728 501 2796 Item
520 2749 581 2815 pro
605 2731 729 2797 Iacobo
751 2727 929 2796 blinscheil
953 2729 994 2796 de
1016 2737 1106 2796 terra
1130 2729 1269 2798 Ioannis
1292 2730 1460 2800 malisoun
1482 2753 1573 2800 nunc
1596 2733 1685 2800 alex·

326 2829 422 2900 andri
438 2851 522 2920 gray
536 2831 666 2900 incolas
682 2831 717 2898 in
735 2829 810 2900 vico
833 2831 979 2918 inferior]
1004 2831 1151 2926 ecclesie¹
1168 2831 1237 2918 diuj
1262 2831 1396 2920 nicolaij
1421 2834 1456 2902 in
1474 2845 1548 2902 toto
1568 2837 1610 2904 de
1626 2835 1685 2904 illa

325 2941 415 3000 terra
1562 2937 1594 3024 vj
1613 2937 1683 3006 ε’*

412 3037 502 3102 Item
524 3057 586 3122 pro
608 3037 727 3104 eodem
747 3037 789 3105 de
812 3047 902 3104 terra
922 3033 1056 3124 nicolaij
1081 3038 1219 3104 baxstar
1241 3035 1276 3104 in
1299 3039 1417 3106 eodem
1440 3037 1515 3108 vico
1537 3039 1683 3128 inleriorj

324 3138 467 3206 ecclesie
1574 3147 1684 3215 ns††

412 3243 555 3310 Summa
570 3239 672 3309 huius
687 3239 741 3328 xvj
759 3264 776 3309 s
1304 3231 1306 3238 ’

413 3347 501 3412 Item
525 3347 567 3412 de
589 3355 679 3412 terra
705 3343 786 3412 olim
815 3341 954 3411 Ioannis
976 3343 1119 3430 gillespy
1145 3365 1206 3430 pro
1233 3345 1361 3412 Ioanne
1383 3345 1528 3433 gillespy
1551 3347 1586 3415 in
1609 3348 1685 3417 vico

323 3449 495 3518 furcarum
511 3469 602 3517 nuno
618 3449 780 3516 heredum
795 3448 928 3515 Andrce
944 3445 1064 3514 barker
1078 3447 1268 3532 pertinente
1630 3473 1685 3520 κε

346 3553 349 3560 ’
415 3553 558 3620 Summa
572 3549 674 3618 huius
689 3573 710 3616 x
726 3571 743 3616 s
1122 3631 1124 3636 ,

414 3655 502 3722 Item
518 3675 578 3740 pro
594 3653 769 3722 Willelmo
784 3662 874 3720 ratre
890 3653 932 3720 de
947 3661 1036 3720 terra
1052 3653 1222 3736 quondam
1238 3652 1345 3738 ipsius
1361 3653 1526 3742 Willelmj
1544 3667 1634 3724 ratre
1649 3657 1684 3725 in

326 3757 401 3826 vieo
417 3755 520 3824 castri
536 3777 578 3822 ex
593 3755 719 3824 boreali
734 3765 830 3842 parte
845 3755 996 3822 eiusdem
1012 3755 1077 3822 vici
1093 3755 1196 3822 castri
1210 3755 1213 3764 “
1436 3757 1493 3846 xiij
1511 3781 1528 3825 s
1544 3759 1590 3848 iiij
1608 3763 1682 3843 (111

562 3910 647 3964 Notae
657 3925 724 3978 quae
735 3919 877 3978 amnentur
887 3911 914 3962 in
925 3911 1045 3978 foliorum
1056 3910 1217 3978 marmniboa
1227 3922 1288 3966 aunt
1299 3911 1417 3980 scriptae.

544 4007 558 4035 *
571 4008 737 4061 Posseasorea
748 4017 872 4061 terrarum
885 4009 1086 4074 subscriptarum
1098 4010 1125 4060 in
1137 4026 1207 4063 anno
1218 4012 1315 4064 domini
1326 4013 1466 4082 mvlmorvij

544 4091 565 4146 Ἰ·
576 4089 654 4142 Nune
665 4091 692 4142 in
703 4091 825 4144 manibus
835 4091 974 4144 Alexandri
991 4091 1130 4144 howeaane
1142 4093 1251 4148 maioris

544 4173 561 4232 τ
573 4172 603 4222 ln
615 4173 735 4226 manibus
746 4173 845 4226 walteri
856 4175 955 4226 lowson
967 4175 1061 4225 andree
1073 4174 1126 4225 dun
1138 4185 1164 4226 et
1177 4176 1300 4228 Iohannis
1313 4178 1384 4230 clarlr

546 4262 558 4312 ι
573 4253 603 4303 In
615 4255 736 4306 manibus
749 4255 873 4308 Iohannis
883 4255 963 4306 iraaer
975 4255 1065 4306 latoun

545 4331 559 4408 ll
574 4335 614 4388 De
625 4351 723 4404 magno
733 4337 809 4390 horto
820 4335 936 4402 magistri
947 4335 1042 4387 roberti
1052 4337 1158 4388 cham

544 4420 563 4468 ‘l
576 4417 686 4468 walteri
703 4419 805 4473 cullane
1196 4419 1227 4447 ”
1239 4421 1344 4471 Arthori
1357 4431 1473 4487 pantoun

544 4501 582 4558 ἢ
594 4498 712 4564 Magistri
724 4498 818 4548 andree
833 4495 970 4547 auchinielr

544 4583 578 4642 n
591 4581 621 4630 ln
633 4579 752 4632 manibus
764 4579 890 4632 Iohannis
901 4580 1027 4632 danielem
1044 4589 1070 4632 et
1082 4581 1176 4634 andree
1187 4583 1253 4651 aedy
