4460 5984
670 634 830 700 Fundatio
853 632 993 698 Dauidis
1015 633 1202 698 Andcrsmm
1555 649 1616 716 173

260 831 412 878 annuum
441 811 608 876 redditum
639 830 716 875 cum
747 805 964 893 pertinenciis
994 804 1226 890 spectantibus
1255 825 1314 870 seu
1341 803 1428 872 iuste
1457 806 1617 890 Spectare

261 914 452 980 valentibus
485 911 735 997 quomodolibet
773 910 807 976 in
841 911 991 976 futurum
1023 909 1124 974 libere
1154 908 1265 994 quiete
1302 909 1451 994 plenarie
1488 909 1618 995 integre

262 1019 444 1085 honorifice
460 1019 594 1084 bene-et
610 1017 645 1082 in
666 1037 749 1101 pace
771 1015 843 1082 sine
868 1013 1116 1100 Impedimento
1134 1013 1309 1080 obstaculo
1325 1025 1383 1080 aut
1400 1013 1619 1080 reuocacione

262 1125 516 1208 quibuscunque
532 1123 760 1208 Quamobrem
780 1119 860 1186 dicti
877 1122 1024 1187 Curatus
1043 1129 1076 1186 et
1092 1118 1258 1203 capellani
1275 1139 1314 1185 ac
1331 1119 1383 1184 sui
1399 1120 1619 1186 Successores

262 1229 478 1296 celebrabunt
509 1227 686 1295 annuatim
709 1227 957 1310 imperpetuum
983 1245 1087 1291 vuum
1114 1224 1381 1291 anniuersarium
1404 1235 1438 1290 ct
1461 1224 1619 1308 exequias

261 1334 494 1401 defunctorum
513 1333 669 1399 videlicet
692 1331 838 1398 Placebo
861 1341 894 1396 et
914 1329 1019 1415 dirige
1043 1330 1077 1394 in
1101 1331 1154 1394 die
1176 1329 1307 1396 sabbati
1329 1329 1522 1396 immediate
1541 1339 1618 1414 post

262 1439 350 1504 diem
367 1439 479 1506 obitus
494 1439 560 1504 mei
576 1440 625 1504 Ac
642 1437 782 1504 missam
798 1439 840 1502 de
856 1445 937 1502 nota
949 1435 983 1500 in
996 1435 1049 1502 die
1062 1435 1231 1502 dominica
1246 1435 1440 1502 immediate
1457 1445 1618 1519 sequente

261 1565 338 1609 cum
363 1544 483 1610 ceteris
506 1543 620 1609 missis
642 1542 878 1628 trigentalibus
901 1551 936 1606 vt
960 1541 1063 1606 moris
1086 1550 1138 1606 est
1161 1541 1204 1606 ad
1227 1541 1333 1606 altare
1356 1539 1538 1607 saluatoris
1560 1561 1619 1625 per

261 1650 483 1714 ebdomadam
502 1649 703 1718 Immediate
720 1657 917 1732 sequentem
941 1668 1000 1731 pro
1024 1648 1133 1712 salute
1154 1646 1266 1713 anime
1287 1667 1360 1712 mee
1379 1655 1412 1712 et
1429 1645 1619 1714 animarum

260 1753 412 1819 omnium
427 1753 654 1838 predictarum
672 1755 815 1838 Insuper
831 1753 1000 1820 Collector
1022 1751 1188 1817 dictorum
1209 1751 1469 1837 Capellanorum
1486 1751 1542 1836 quj
1560 1773 1619 1836 pro

260 1868 411 1944 tempore
431 1859 554 1926 luerint
577 1859 770 1925 huiusmodi
794 1878 943 1924 annuum
968 1857 1136 1923 redditum
1160 1855 1336 1922 annuatim
1357 1865 1393 1922 vt
1414 1855 1620 1941 premittitur

260 1963 421 2048 percipiet
452 1973 485 2030 et
515 1963 693 2030 distribuet
728 1972 764 2028 vt
795 1961 946 2046 sequitur
979 1961 1134 2027 videlicet
1169 1959 1305 2044 preconi
1336 1982 1413 2026 cum
1445 1963 1621 2045 Campana

260 2066 410 2134 manuali
427 2069 469 2133 ad
489 2067 777 2134 Circumeundum
796 2067 924 2132 dictum
944 2065 1105 2150 oppidum
1128 2075 1227 2132 nocte
1245 2065 1461 2150 exequiarum
1478 2069 1521 2134 ad
1537 2067 1619 2132 inci-

259 2173 402 2236 tandum
429 2171 592 2256 populum
620 2172 663 2237 ad
687 2171 935 2255 deprecandum
959 2191 1019 2254 pro
1044 2169 1153 2235 salute
1177 2168 1368 2234 animarum
1393 2169 1618 2254 predictarum

261 2277 346 2342 duos
368 2276 526 2343 denarios
549 2285 583 2342 et
607 2276 755 2342 Sacriste
782 2297 842 2361 pro
865 2275 1055 2360 pulsatione
1078 2296 1320 2358 campanarum
1348 2275 1436 2341 dicte
1464 2275 1618 2342 Ecclesie

260 2379 349 2446 trina
368 2381 441 2446 vice
462 2383 505 2448 ad
529 2381 724 2447 huiusmodi
747 2381 905 2466 exequias
928 2380 963 2445 in
986 2380 1039 2447 die
1063 2379 1194 2446 sabbati
1215 2379 1335 2464 prelati
1356 2389 1389 2446 et
1411 2379 1565 2448 similiter
1584 2381 1619 2448 in

260 2485 351 2552 dicta
367 2487 535 2554 dominica
551 2487 746 2552 immediate
769 2497 931 2570 sequente
949 2486 1203 2570 quatuordecim
1226 2485 1381 2552 denarios
1398 2487 1444 2552 Et
1461 2487 1617 2554 similiter

261 2591 412 2676 prelatus
432 2593 592 2659 collector
613 2614 674 2677 pro
696 2603 848 2676 tempore
870 2591 1022 2658 tabulam
1045 2591 1224 2656 honestam
1248 2613 1349 2676 super
1371 2591 1617 2658 monimentum

259 2707 362 2780 ponet
379 2699 425 2764 Et
443 2700 539 2764 Idem
555 2697 658 2783 pallio
674 2697 746 2764 siue
763 2696 944 2782 Cooptorio
960 2695 1092 2764 decenti
1109 2697 1236 2782 operiet
1253 2697 1299 2762 Et
1316 2693 1495 2764 luminaria
1513 2699 1618 2766 Cerea
1675 2684 1681 2694 ¹

260 2799 401 2866 honeste
412 2811 448 2867 vt
464 2804 560 2869 decet
581 2803 737 2870 Inueniet
752 2825 813 2888 pro
829 2803 949 2887 quibus
961 2805 1046 2868 duos
1062 2802 1187 2868 solidos
1203 2802 1266 2868 sibi
1279 2803 1428 2888 captabit
1444 2813 1478 2870 et
1491 2825 1618 2870 annua·

260 2904 323 2970 tim
347 2905 382 2972 in
398 2906 452 2972 die
467 2907 633 2974 dictarum
657 2909 873 2994 exequiarum
890 2919 1034 2993 quatuor
1050 2907 1175 2974 solidos
1190 2909 1393 2992 pauperibus
1409 2910 1518 2995 magis
1533 2909 1617 2976 indi·

260 3009 418 3100 gentibus
432 3015 583 3098 erogabit
607 3015 653 3080 Et
679 3013 859 3099 Reliquum
883 3014 1076 3080 huiusmodi
1096 3013 1199 3080 annui
1223 3015 1373 3080 redditus
1396 3015 1616 3102 suprascripti

259 3115 415 3183 videlicet
430 3119 548 3204 vigintj
566 3131 643 3186 octo
659 3119 784 3186 solidos
805 3119 904 3186 dictis
925 3121 1051 3187 Curato
1074 3129 1107 3186 et
1131 3119 1315 3204 capellanis
1330 3119 1364 3185 in
1380 3119 1434 3186 die
1449 3121 1615 3188 dictarum

261 3223 476 3308 exequiarum
493 3247 552 3310 pro
568 3225 742 3310 premissis
764 3225 959 3312 prescriptis
975 3228 1017 3293 ad
1040 3247 1162 3291 manus
1178 3225 1355 3291 distribuet
1371 3235 1404 3291 et
1420 3225 1616 3293 deliberabit

261 3325 307 3391 Et
323 3327 385 3392 hec
402 3329 516 3396 omnia
531 3339 564 3396 et
581 3329 715 3416 singula
738 3353 758 3396 a
781 3331 882 3397 dictis
906 3332 1031 3398 Curato
1056 3341 1088 3396 et
1112 3329 1297 3416 capellanis
1317 3353 1356 3398 ac
1378 3331 1566 3398 Collectore
1582 3342 1615 3398 et

260 3429 331 3496 suis
347 3433 605 3502 Successoribus
621 3435 797 3502 annuatim
815 3446 848 3502 et
866 3439 1119 3522 Imperpetuum
1137 3435 1380 3503 Inviolabiliter
1395 3439 1616 3504 obseruentur

259 3545 295 3601 vt
322 3557 435 3604 coram
459 3540 600 3607 Summo
628 3541 743 3608 Iudice
770 3542 804 3606 in
831 3540 885 3606 die
911 3541 1051 3608 extremi
1076 3541 1194 3626 Iudicij
1223 3543 1424 3626 respondere
1449 3541 1615 3610 voluerint

259 3638 410 3708 Tantum
427 3663 486 3727 pro
502 3645 594 3710 omni
610 3646 676 3712 alio
699 3645 842 3712 serui'cio
859 3645 1009 3712 Seculari
1032 3647 1205 3712 exactione
1229 3667 1288 3712 seu
1311 3647 1478 3714 demanda
1494 3671 1559 3733 que
1574 3649 1616 3715 de

260 3744 410 3830 predicto
433 3767 545 3814 annuo
568 3750 701 3816 redditu
722 3772 799 3816 cum
823 3750 1039 3834 pertinenciis
1062 3751 1254 3836 aliqualiter
1275 3751 1362 3837 exigi
1385 3752 1531 3836 poterint
1555 3763 1613 3820 aut
1628 3761 1671 3815 tot.
1684 3761 1733 3816 οβ’

260 3851 382 3936 requiri
414 3855 632 3922 Reseruando
661 3866 776 3922 tamen
800 3877 859 3942 per
881 3857 995 3922 omnia
1025 3857 1166 3922 liberum
1189 3867 1421 3923 tenementum
1446 3867 1480 3924 et
1502 3881 1615 3925 vsum-

259 3956 428 4023 fructuum
452 3958 602 4026 eiusdem
622 3962 725 4045 annuj
743 3961 893 4028 redditus
916 3961 1083 4046 prenotati
1106 3983 1183 4028 cum
1205 3961 1421 4046 pertinenciis
1437 3961 1540 4028 michi
1556 3985 1615 4048 pro

260 4071 332 4129 toto
348 4073 499 4149 tempore
514 4065 582 4132 vite
598 4087 671 4132 mee
689 4069 734 4132 Et
751 4089 813 4152 ego
828 4089 907 4132 vero
922 4067 1034 4134 dictus
1045 4068 1147 4133 dauid
1164 4069 1304 4132 heredes
1320 4068 1385 4132 mei
1401 4077 1435 4134 et
1451 4067 1615 4154 assignati

260 4175 369 4234 totum
386 4179 419 4236 et
435 4168 603 4254 integrum
620 4171 748 4236 dictum
765 4191 914 4236 annuum
928 4171 1095 4238 redditum
1111 4171 1230 4256 viginti
1247 4181 1323 4237 octo
1339 4171 1520 4237 solidorum
1537 4193 1614 4237 cum

260 4271 477 4354 pertinenciis
492 4273 591 4339 dictis
608 4277 734 4342 Curato
750 4285 783 4340 et
800 4275 983 4360 capellanis
1006 4285 1039 4342 et
1055 4276 1126 4341 suis
1149 4276 1407 4342 successoribus
1423 4276 1616 4362 Capellanis

260 4375 342 4442 dicti
358 4377 460 4444 Chori
477 4377 511 4444 in
527 4380 685 4445 omnibus
700 4390 733 4445 et
750 4401 808 4464 per
824 4381 938 4446 omnia
961 4391 997 4446 ut
1014 4381 1217 4465 premissum
1234 4389 1284 4446 est
1301 4402 1360 4464 per
1375 4401 1493 4446 omnes
1508 4391 1616 4447 terras

260 4491 293 4546 et
314 4484 545 4566 possessiones
564 4496 699 4550 nostras
721 4495 838 4550 contra
854 4507 971 4551 omnes
994 4485 1155 4552 mortales
1175 4485 1461 4552 varantizabimus
1486 4485 1616 4569 acquie-

259 4586 408 4653 tabimus
423 4599 456 4654 et
474 4591 727 4675 Imperpetuum
744 4591 960 4656 defendemus
972 4592 1128 4657 omnibus
1142 4593 1258 4658 fraude
1274 4600 1307 4656 et
1320 4591 1397 4657 dolo
1418 4589 1559 4656 seclusis
1575 4591 1616 4655 In
1666 4569 1671 4586 ⁵
