4488 5996
593 699 655 768 272
989 680 1182 748 Delationes
1198 687 1258 769 per
1279 681 1461 748 willelmum
1474 679 1567 748 lotoe

591 855 748 923 omnibus
763 865 797 922 et
813 855 955 941 singulis
970 855 1082 922 dictus
1097 855 1255 923 dominus
1269 856 1422 924 robertus
1438 856 1551 942 bynny
1566 857 1796 941 procuratorio
1811 857 1948 926 nomine

478 961 495 978 ”
592 982 658 1045 quo
674 980 775 1045 supra
789 963 819 1026 A
834 982 889 1026 me
912 960 1043 1028 notario
1066 961 1200 1047 publico
1223 959 1413 1046 subscripto
1428 959 1491 1045 sibj
1509 961 1579 1045 fieri
1597 961 1694 1046 petiit
1713 983 1851 1046 presens
1866 965 1947 1047 pub·

591 1065 694 1132 licum
718 1066 981 1133 instrumentum
1005 1066 1116 1152 sigillo
1139 1066 1242 1132 etiam
1269 1065 1376 1151 ipsius
1398 1065 1513 1150 balliuj
1541 1067 1720 1134 roborante
1742 1068 1830 1134 Acta
1852 1078 1947 1134 erant

590 1171 654 1238 hec
671 1191 771 1256 super
786 1171 895 1237 solum
919 1171 1111 1256 huiusmodj
1136 1180 1223 1237 terre
1239 1170 1357 1236 horam
1381 1169 1515 1238 circiter
1537 1191 1662 1238 nonam
1678 1181 1759 1238 ante
1774 1171 1947 1238 meridiem

592 1277 655 1343 sub
672 1297 760 1342 anno
776 1297 892 1342 mense
915 1277 969 1344 die
992 1277 1174 1344 indictione
1192 1287 1226 1344 et
1246 1277 1446 1362 pontificatu
1468 1277 1590 1361 quibus
1612 1299 1714 1362 supra
1735 1277 1948 1363 presentibus

590 1381 714 1448 ibidem
753 1381 933 1448 alexandro
971 1381 1145 1468 malysone
1182 1384 1307 1448 andrea
1336 1381 1468 1448 harrow
1496 1381 1687 1449 Alexarrdro
1717 1382 1782 1467 lray
1810 1382 1948 1450 henrico

590 1487 717 1572 nachty
746 1495 780 1552 et
808 1486 969 1553 vilhelmo
1000 1487 1137 1573 barclay
1162 1485 1340 1572 sergiando
1364 1487 1444 1572 dictj
1474 1488 1569 1573 bur.
1598 1509 1676 1555 cum
1703 1487 1846 1554 diuersis
1871 1487 1947 1554 aliis

587 1590 733 1658 testibus
749 1591 791 1657 ad
806 1591 972 1677 premissa
987 1591 1117 1660 vocatis
1136 1591 1325 1677 pariterque
1343 1591 1471 1677 rogatis

720 1765 767 1830 Et
783 1785 844 1850 ego
860 1763 1023 1850 magister
1042 1767 1188 1834 Ioannes
1208 1766 1362 1850 kennedy
1384 1765 1557 1832 dioceseos
1579 1763 1818 1834 aberdonensis
1842 1765 1946 1833 Sacra

650 1919 675 1964 Ο
718 1868 920 1936 auctoritate
950 1869 1138 1954 apostolica
1167 1869 1318 1956 notarius
1347 1890 1388 1936 ac
1419 1867 1528 1936 scriba
1557 1868 1750 1936 communis
1780 1868 1875 1956 burgi
1905 1870 1946 1937 de

643 1965 675 2140 ξ·
719 1974 885 2041 aberdene
907 1974 1081 2058 premissis
1101 1974 1258 2043 omnibus
1277 1984 1310 2042 et
1337 1973 1479 2060 singulis
1502 1973 1551 2041 sic
1574 1985 1609 2042 vt
1634 1973 1841 2060 premittitur
1861 1973 1947 2042 actis

650 2139 668 2172 ῃ
720 2087 753 2144 ct
769 2077 868 2146 lactis
884 2078 1018 2164 interluj
1037 2081 1155 2164 anue
1174 2079 1289 2146 omnia
1309 2079 1357 2146 sic
1373 2079 1445 2148 fieri
1464 2079 1531 2146 vidi
1550 2077 1633 2166 sciuj
1651 2089 1684 2146 et
1708 2079 1821 2166 audiuj
1843 2080 1893 2146 Ac
1912 2077 1945 2144 in

643 2173 675 2243 Ἑν
708 2181 835 2250 'notam
852 2183 926 2271 cepi
942 2185 995 2252 Ex
1011 2185 1132 2270 quibus
1147 2185 1211 2252 hoc
1230 2185 1401 2270 publicum
1424 2183 1687 2252 instrumentum
1707 2207 1810 2252 manu
1835 2185 1947 2252 aliena

650 2245 668 2334 Ξ
720 2287 882 2375 scriptum
909 2289 1036 2375 conlecj
1055 2290 1186 2375 signauj
1214 2300 1247 2356 et
1271 2289 1453 2376 subscripsi
1472 2290 1507 2358 in
1526 2291 1626 2358 fidem
1653 2301 1687 2358 et
1712 2291 1943 2358 testimonium

719 2393 959 2478 premissorum
976 2404 1115 2480 rogatus
1130 2404 1164 2462 et
1180 2393 1361 2484 requisitus

1177 2683 1356 2750 CXXXII.

685 2824 921 2894 ISCRETUS
938 2826 989 2894 vir
1006 2827 1164 2895 dominus
1185 2829 1356 2896 Iohannes
1375 2827 1485 2896 litster
1500 2828 1697 2915 capellanus
1714 2827 1855 2896 ecclesie
1871 2848 1944 2913 par·

726 2931 866 2998 ochialis
892 2933 982 3000 beati
1009 2933 1167 3018 nicholaij
1191 2936 1233 3001 de
1255 2935 1429 3002 Abertlene
1452 2943 1528 3018 post
1549 2936 1724 3003 decessum
1752 2955 1851 3001 suum
1879 2933 1943 3000 nisi

587 3047 729 3122 cogente
744 3037 947 3105 necessitate
963 3039 1090 3125 legauit
1105 3041 1273 3124 quoddam
1293 3039 1495 3109 breuiarium
1511 3040 1546 3106 in
1561 3059 1765 3125 pergameno
1781 3037 1942 3124 scriptum

586 3144 642 3228 vnj
660 3144 835 3228 capellano
856 3147 987 3230 ydoneo
1010 3145 1164 3213 videlicet
1188 3145 1296 3232 primo
1318 3145 1569 3230 consanguineo
1592 3166 1653 3211 suo
1676 3145 1710 3210 in
1733 3145 1942 3210 sacerdotem

588 3257 742 3333 promoto
757 3269 817 3334 pro
832 3258 905 3316 toto
925 3259 1075 3335 tempore
1097 3249 1171 3318 vite
1184 3273 1244 3318 sue
1266 3249 1426 3318 residenti
1449 3251 1536 3318 inita
1557 3249 1686 3318 dictum
1709 3251 1852 3334 burgum
1876 3269 1941 3334 quo

589 3351 765 3418 deficiente
783 3352 880 3419 alteri
898 3353 1029 3438 ydoneo
1048 3353 1223 3439 capellano
1243 3363 1277 3422 et
1296 3353 1345 3420 sic
1364 3353 1555 3420 successiue
1573 3373 1640 3420 vno
1655 3353 1830 3420 decidente
1846 3351 1943 3420 alteri

589 3454 765 3538 capellano
779 3454 814 3520 in
829 3457 948 3522 eodem
963 3455 1064 3540 opido
1078 3455 1266 3522 remanenti
1286 3455 1440 3523 iaciendo
1462 3455 1540 3524 inde
1562 3453 1677 3522 diuina
1701 3453 1860 3538 suffragia
1882 3473 1943 3538 pro

589 3558 698 3626 salute
711 3581 773 3628 sue
788 3569 842 3628 etc
858 3571 956 3645 prout
972 3559 1007 3626 in
1023 3561 1114 3628 dicto
1134 3559 1218 3627 libro
1233 3559 1340 3627 lacius
1354 3559 1512 3628 titulatur

1164 3845 1366 3916 CXXXIII.

670 3983 771 4050 NNO
784 3981 912 4050 domini
928 3993 981 4050 etc
997 3983 1216 4069 nonagesimo
1232 3985 1380 4052 secundo
1395 3981 1561 4051 discretus
1571 3981 1623 4048 vir
1638 3981 1800 4067 magister
1811 3981 1942 4050 Willel·

712 4109 790 4154 mus
805 4087 901 4154 howe
916 4087 951 4154 in
968 4087 1129 4155 honorem
1145 4089 1199 4155 dei
1214 4088 1457 4174 omnipotentis
1474 4087 1669 4157 beatissime
1683 4086 1822 4173 virginis
1838 4087 1943 4156 marie

586 4200 640 4258 etc
656 4190 826 4259 distribuit
843 4193 931 4259 bona
945 4201 979 4258 et
995 4202 1194 4260 ornamenta
1206 4191 1396 4278 subscripta
1407 4194 1508 4260 modo
1523 4201 1557 4260 et
1572 4191 1693 4258 effectu
1710 4189 1941 4276 subsequenti·

587 4295 650 4364 bus
664 4293 820 4362 videlicet
835 4293 944 4360 Altan'
959 4293 1102 4380 gloriose
1117 4294 1256 4380 virginis
1274 4294 1380 4362 marie
1400 4295 1441 4362 de
1461 4293 1630 4362 Abirdone
1645 4313 1749 4360 vnum
1770 4291 1942 4378 corporale

586 4419 663 4464 curn
690 4395 923 4480 choopertorio
949 4397 991 4462 de
1016 4397 1193 4464 welleouss
1218 4396 1328 4464 Altari
1355 4397 1480 4464 Sancte
1506 4415 1594 4465 anne
1620 4394 1655 4462 in
1681 4393 1825 4462 ecclesia
1851 4392 1941 4462 beati

585 4499 744 4585 nicholaij
772 4502 814 4567 de
839 4499 1007 4570 Abirdcne
1032 4521 1136 4568 vnum
1162 4503 1335 4587 corporale
1362 4523 1440 4569 cum
1464 4499 1698 4586 chooperton'o
1719 4509 1757 4567 ut
1780 4519 1883 4586 supra
1907 4507 1942 4566 et

585 4603 617 4676 le
632 4604 734 4696 poliat
751 4625 828 4674 cum
843 4625 910 4674 vna
933 4605 989 4672 fiol
1005 4605 1120 4696 phiola
1142 4615 1175 4672 et
1199 4627 1263 4674 ane
1287 4607 1453 4696 paxbrede
1468 4627 1508 4676 ac
1524 4607 1591 4674 duo
1606 4625 1713 4694 parua
1730 4603 1941 4690 manutergia
