4460 5984
557 667 621 740 160
699 663 841 734 Dmustio
862 661 905 730 ad
925 660 1105 748 hospitalem
1128 660 1221 746 burgi
1243 661 1279 726 de
1300 661 1446 726 Aberdan
1467 683 1489 728 o
1509 661 1650 728 Ricardo
1671 661 1790 730 Kinor

556 861 691 916 annuos
710 836 861 924 redditus
881 857 975 902 meos
995 833 1081 902 infra
1100 855 1240 920 regnum
1262 833 1368 902 scotie
1388 834 1563 902 annuatim
1588 835 1856 921 distringendum
1876 839 1919 906 nd

559 943 722 1012 terminos
752 949 900 1008 statutos
926 941 967 1007 de
994 938 1237 1006 consuetudine
1267 939 1361 1023 regni
1391 961 1451 1024 pro
1481 938 1621 1024 triginta
1651 940 1767 1008 solidis
1793 941 1920 1009 usualis

559 1057 695 1122 monete
721 1045 827 1114 scotie
853 1047 899 1112 ad
923 1066 1044 1111 manus
1070 1044 1223 1130 proprias
1253 1043 1405 1129 magistri
1437 1044 1517 1111 dieti
1548 1045 1726 1130 hospitalis
1752 1056 1833 1114 tunc
1859 1069 1921 1133 pro

560 1256 687 1344 porelis
712 1256 765 1322 vel
792 1254 978 1340 spiritualis
1008 1255 1115 1321 donec
1145 1275 1319 1339 quousque
1348 1255 1521 1339 predictus
1551 1255 1713 1340 magister
1742 1257 1922 1342 hospitalis

560 1361 720 1450 predictis
741 1360 835 1428 rudis
857 1359 998 1446 pacifice
1020 1361 1166 1444 gaudere
1186 1359 1298 1426 valeat
1321 1381 1399 1426 cum
1423 1361 1543 1428 ellectu
1568 1363 1712 1446 Insuper
1733 1361 1845 1447 obligo
1866 1384 1921 1430 me

560 1467 701 1536 heredes
716 1489 811 1534 meos
826 1475 860 1532 et
877 1465 1069 1551 assignatos
1084 1475 1192 1532 terras
1208 1487 1303 1532 meas
1319 1467 1407 1533 bona
1426 1487 1502 1532 mea
1520 1466 1659 1534 mobilia
1674 1477 1708 1533 et
1728 1467 1921 1534 Immobilia

559 1572 749 1658 ubicunque
769 1571 920 1638 locorum
939 1570 1007 1636 sint
1026 1569 1166 1638 inuenta
1181 1573 1224 1637 ad
1239 1571 1450 1638 voluntatem
1470 1571 1551 1638 dicti
1571 1571 1724 1656 magistri
1743 1572 1922 1657 hospitalis

561 1677 635 1744 sine
652 1675 789 1744 licentia
808 1675 951 1743 alicuius
968 1675 1095 1742 Iudicis
1114 1675 1278 1760 capienda
1295 1677 1493 1744 abducenda
1508 1685 1542 1742 et
1557 1679 1733 1744 vendenda
1748 1699 1922 1762 quousque

561 1781 660 1850 luerit
674 1781 886 1850 satisfactum
903 1779 1065 1865 magistro
1077 1779 1256 1864 hospitalis
1266 1779 1428 1846 antedicti
1443 1782 1484 1848 de
1499 1780 1673 1866 octoginta
1688 1781 1782 1848 libris
1793 1781 1922 1848 vsualis

560 1897 697 1962 monete
718 1887 823 1954 scotie
844 1885 917 1952 sine
936 1884 1133 1952 remissione
1153 1885 1206 1951 vel
1228 1885 1456 1970 disputatione
1476 1885 1590 1970 aliqua
1610 1886 1781 1953 soluendis
1802 1887 1839 1954 Si
1859 1907 1922 1972 ego

562 1995 734 2082 predictus
753 1994 905 2060 ricardus
920 1993 1062 2058 heredes
1076 1992 1129 2058 vel
1146 1991 1310 2076 assignati
1327 1991 1393 2058 mei
1408 1991 1462 2058 vel
1478 1991 1600 2076 aliquis
1615 1991 1751 2058 nomine
1767 2001 1921 2059 nostrum

563 2110 745 2185 antequam
755 2119 869 2166 coram
879 2097 992 2182 aliquo
1006 2095 1122 2164 Iudice
1131 2097 1326 2180 placitando
1337 2096 1499 2162 fuerimus
1517 2095 1623 2164 auditi
1639 2105 1759 2162 contra
1769 2105 1921 2162 tenorem

563 2205 730 2291 presentis
752 2213 844 2272 carte
864 2201 991 2287 aliquid
1013 2202 1123 2270 fecero
1142 2201 1195 2268 vel
1218 2201 1272 2268 vel
1296 2202 1366 2283 [sic]
1388 2201 1528 2268 iecerint
1548 2204 1674 2269 duxero
1691 2202 1745 2268 vel
1768 2201 1922 2270 duxerint

562 2318 597 2378 et
621 2309 649 2376 si
672 2309 799 2395 aliquid
821 2315 1025 2392 'attemptare
1051 2317 1168 2392 potero
1193 2307 1246 2374 vel
1274 2307 1421 2392 poterint
1449 2310 1544 2375 Iuste
1569 2307 1622 2374 vel
1644 2307 1768 2374 iniuste
1789 2329 1923 2393 quoquo

563 2425 715 2500 tempore
725 2413 854 2482 tociens
870 2412 1026 2498 quotiens
1043 2414 1207 2480 roborabo
1222 2422 1256 2479 et
1271 2414 1476 2479 roborabunt
1493 2414 1548 2480 Ita
1564 2413 1652 2497 quod
1671 2433 1810 2498 presens
1828 2421 1923 2480 carta

564 2541 698 2605 semper
712 2518 862 2588 manebit
874 2517 964 2584 illisa
975 2527 1009 2585 et
1025 2517 1060 2584 in
1072 2539 1133 2584 suo
1149 2519 1268 2584 robore
1279 2519 1440 2584 duratura
1454 2519 1503 2584 IN
1518 2517 1616 2585 cuius
1625 2517 1672 2584 rei
1688 2518 1922 2585 testimonium

564 2624 713 2710 sigillum
738 2623 951 2709 presentibus
975 2645 1087 2690 meum
1113 2623 1284 2708 proprium
1309 2631 1360 2690 est
1385 2645 1572 2708 appensum
1598 2626 1687 2709 apud
1713 2627 1857 2710 burgum
1882 2626 1923 2691 de

564 2731 703 2800 abirden
714 2751 874 2798 unacum
890 2729 1011 2814 sigillis
1025 2729 1140 2796 fratris
1155 2729 1221 2797 mei
1237 2729 1409 2796 alexandri
1426 2732 1467 2796 de
1479 2731 1600 2816 kyntor
1611 2730 1646 2796 in
1659 2730 1793 2815 signum
1816 2729 1923 2815 ipsius

564 2857 751 2906 consensus
767 2843 800 2902 et
815 2835 950 2921 lergusij
967 2833 1037 2920 lylp
1049 2834 1164 2918 balliuj
1183 2837 1223 2902 de
1236 2834 1358 2920 kyntor
1370 2844 1403 2901 et
1419 2835 1546 2902 datoris
1562 2821 1674 2901 sasine
1695 2834 1922 2920 predictarum

564 2951 731 3010 terrarum
752 2950 872 3026 quarto
894 2940 948 3006 die
969 2939 1096 3006 mensis
1120 2938 1197 3024 Iulij
1222 2942 1321 3006 Anno
1343 2939 1470 3024 dominj
1496 2939 1679 3006 Millesimo
1701 2939 1924 3025 quadringen-

565 3045 689 3120 tesimo
714 3043 994 3130 quinquagesimo
1017 3065 1107 3111 nono
1130 3045 1254 3112 Coram
1277 3043 1331 3112 his
1353 3044 1498 3112 testibus
1528 3044 1665 3112 domino
1695 3046 1828 3112 roberto
1855 3043 1924 3110 elat

565 3151 693 3222 vicario
719 3152 761 3218 de
791 3150 900 3219 cowill
932 3150 1084 3218 Iohanne
1107 3149 1272 3234 Willelrnj
1299 3159 1333 3216 et
1356 3149 1543 3216 Wilhelmo
1573 3151 1615 3216 de
1641 3150 1773 3236 kynnor
1798 3148 1924 3217 serian-

566 3257 620 3326 dis
649 3257 730 3328 dicti
765 3255 861 3342 burgi
895 3257 937 3324 de
972 3255 1094 3341 kyntor
1123 3255 1299 3322 Willelmo
1334 3265 1438 3322 smcrt
1469 3255 1655 3323 wilhelmo
1685 3255 1759 3322 abel
1790 3255 1925 3322 roberto

568 3361 732 3433 Iohannis
769 3362 895 3430 andrea
938 3359 1025 3428 kelle
1061 3360 1179 3428 thoma
1216 3359 1393 3428 Wilhelmi
1433 3359 1655 3446 burgensibus
1691 3379 1769 3426 cum
1807 3359 1925 3426 multis

563 3464 645 3552 qlijs

698 3677 773 3745 Hec
797 3684 848 3742 est
870 3697 950 3742 vera
973 3673 1070 3760 copia
1093 3683 1185 3742 carte
1206 3673 1418 3742 fundationis
1440 3673 1637 3760 principalis
1659 3674 1799 3742 alterius
1821 3695 1925 3742 manu

624 3778 650 3876 0·
697 3779 842 3849 fideliter
863 3779 998 3865 Scripta
1013 3789 1047 3846 et
1062 3801 1121 3866 per
1137 3801 1191 3846 me
1206 3781 1407 3866 magistrum
1423 3780 1593 3848 Thomam
1608 3803 1729 3866 zowng
1744 3780 1924 3847 Notarium

617 3823 650 4030 ,Ξ
697 3883 870 3971 publicum
886 3883 1115 3952 Collationata
1126 3884 1173 3950 nil
1187 3886 1341 3952 addendo
1357 3896 1415 3952 aut
1431 3885 1648 3952 diminuendo
1665 3886 1754 3970 quod
1770 3886 1926 3951 substan·

618 4029 651 4100 Ἠ,
698 3989 785 4058 ciam
807 3989 855 4056 rei
876 3999 985 4057 mutet
1000 3999 1059 4057 aut
1082 3989 1297 4058 Intellectum
1313 3991 1420 4058 variet
1441 3991 1500 4056 sed
1521 3989 1697 4075 principali
1713 3990 1748 4056 in
1769 3990 1926 4057 omnibus

600 4187 603 4196 Ι
626 4101 644 4191 5
698 4098 919 4166 Concordans
934 4099 976 4164 de
991 4098 1093 4163 verbo
1109 4097 1143 4163 in
1159 4098 1297 4164 verbum
1314 4099 1376 4164 sub
1400 4095 1486 4163 meis
1509 4095 1614 4181 Signo
1629 4106 1663 4162 et
1680 4093 1927 4181 subscriptione

699 4202 913 4270 manualibus
928 4201 963 4268 in
979 4201 1211 4269 consimilibus
1226 4202 1397 4268 consuetis
1412 4212 1446 4268 et
1461 4201 1596 4268 usitatis

885 4308 940 4374 Ita
956 4315 1007 4374 est
1024 4306 1160 4373 thomas
1175 4327 1295 4392 zowng
1315 4307 1477 4374 Notarius
1492 4305 1647 4391 publicus
1664 4307 1770 4371 Manu
1793 4303 1927 4390 propria
