4488 5996
665 625 826 694 Fundatio
849 632 1021 714 margarete
1044 627 1206 714 Crausurd
1552 646 1615 716 239
1706 665 1708 671 ’

258 807 411 868 mentum
436 799 637 886 prelibatum
653 809 754 886 ponet
770 809 803 868 et
819 797 943 868 locabit
961 797 1051 868 idem
1067 799 1170 886 pallio
1186 823 1245 870 seu
1266 811 1465 870 ornamento
1481 801 1613 870 decenti

257 905 384 990 open'et
410 905 589 972 luminaria
612 925 709 972 cerea
731 904 880 972 inueniet
903 914 1080 990 ceteraque
1103 906 1262 992 suffragia
1278 906 1312 972 in
1332 907 1498 974 consimili
1520 907 1613 974 anni·
1635 916 1679 968 rot.
1692 915 1740 968 ort

258 1011 407 1078 uersario
438 1031 612 1096 apponens
637 1013 687 1076 Ac
712 1009 865 1078 iaciendo
895 1011 1071 1077 sacristam
1102 1011 1229 1096 pretate
1258 999 1399 1078 ecclesie
1430 1001 1614 1097 campanas

259 1115 378 1182 solitas
393 1125 426 1182 et
450 1125 631 1184 consuetas
645 1113 735 1204 trina
756 1115 830 1182 vice
852 1125 911 1182 aut
934 1116 1126 1182 huiusmodi
1147 1117 1306 1204 exequias
1321 1139 1361 1184 ac
1380 1117 1468 1184 trina
1485 1118 1555 1186 vice
1571 1120 1614 1186 ad

260 1243 419 1306 magnam
436 1221 576 1290 missam
593 1229 765 1290 cantatam
782 1221 916 1308 pulsare
932 1231 969 1287 ut
986 1222 1089 1288 moris
1110 1231 1162 1288 est
1185 1224 1244 1292 Ac
1268 1223 1530 1292 SOLUENDO
1554 1245 1614 1310 pro

259 1327 351 1394 dicto
373 1327 604 1396 anniuersario
627 1337 779 1412 tempore
801 1327 1037 1396 celebrationis
1060 1328 1275 1414 exequiarum
1295 1328 1397 1396 misse
1420 1337 1558 1396 cantate
1581 1337 1614 1394 et

259 1431 401 1500 aliarum
425 1433 606 1502 missarum
630 1432 815 1518 predictam
839 1453 1010 1500 summam
1032 1433 1207 1502 annuatim
1231 1443 1348 1502 curato
1373 1443 1407 1500 et
1430 1431 1615 1518 capellanis

259 1536 419 1622 predictis
446 1539 492 1604 Et
518 1547 594 1622 post
621 1538 797 1604 decessum
824 1557 938 1605 meum
965 1536 1055 1604 idem
1079 1548 1217 1606 curatur
1243 1548 1276 1606 et
1303 1538 1469 1623 capellani
1494 1537 1530 1604 in
1560 1536 1614 1604 die

260 1641 372 1710 obitus
395 1641 461 1708 mei
483 1663 585 1711 unam
609 1642 748 1710 missam
772 1643 814 1708 de
832 1651 914 1710 nota
937 1643 1122 1710 cantabunt
1144 1653 1178 1710 et
1201 1643 1418 1712 celebrabunt
1441 1645 1483 1710 ad
1507 1643 1613 1710 altare

259 1769 325 1832 quo
341 1769 395 1816 mc
411 1748 589 1834 contigerit
604 1748 737 1834 sepeliri
753 1767 831 1816 cum
850 1748 971 1818 ceteris
994 1749 1107 1818 missis
1129 1749 1319 1835 trigentalis
1334 1771 1392 1835 per
1407 1748 1613 1817 ebdomitam

259 1853 337 1921 inde
363 1863 559 1938 sequentem
586 1863 623 1922 ut
651 1854 754 1920 moris
780 1865 832 1922 est
858 1876 919 1939 pro
944 1855 1054 1922 eunte
1078 1855 1193 1924 anime
1218 1855 1408 1924 animarum
1434 1863 1612 1941 parentum

260 1963 411 2026 meorum
434 1959 685 2026 benefactorum
709 1981 825 2026 eorum
848 1981 869 2026 a
892 1959 1013 2045 quibus
1037 1959 1151 2046 alique
1172 1962 1261 2028 bona
1285 1959 1486 2028 minuciuste
1509 1958 1611 2044 habuj

260 2083 299 2130 ac
326 2063 477 2130 omnium
504 2064 654 2132 fidelium
680 2065 913 2132 defunctorum
939 2065 1116 2134 annuatim
1144 2066 1286 2150 singulis
1315 2066 1414 2134 annis
1443 2065 1614 2150 perpetuis

259 2169 429 2237 duraturis
454 2171 504 2234 Ac
529 2169 632 2236 aliam
659 2169 799 2236 missam
826 2173 1012 2238 cantabunt
1042 2181 1075 2237 et
1106 2172 1322 2240 celebrabunt
1352 2174 1395 2238 ad
1425 2170 1613 2256 predictum

259 2271 366 2340 altare
388 2273 498 2342 eancfi
519 2273 685 2341 cristofori
708 2275 743 2340 in
765 2275 916 2360 predicta
937 2275 1106 2343 dominica
1128 2286 1205 2361 post
1228 2275 1357 2344 obitum
1381 2275 1487 2360 ipsius
1515 2275 1614 2342 Alex·

259 2377 355 2444 andri
370 2379 448 2444 rede
464 2399 524 2464 pro
541 2379 658 2446 Salute
673 2378 785 2445 anime
801 2401 862 2446 suc
876 2379 1066 2446 animarum
1090 2389 1269 2466 parentum
1293 2401 1429 2446 suorum
1446 2378 1613 2446 benefact-

260 2503 357 2548 orum
386 2503 502 2574 eorum
526 2505 553 2550 a
583 2483 704 2568 quibus
734 2484 848 2570 aliqua
885 2485 973 2552 bona
1003 2485 1205 2552 minusiuste
1240 2484 1358 2552 habuit
1391 2505 1430 2552 ac
1460 2483 1612 2550 omnium

260 2587 409 2654 fidelium
424 2587 657 2656 defunctorum
676 2599 810 2657 tantum
834 2611 894 2674 pro
916 2589 1008 2657 omni
1032 2590 1098 2658 alio
1121 2589 1263 2658 aeruicio
1279 2589 1421 2656 seculari
1437 2587 1611 2656 exactione

261 2691 328 2756 Seu
343 2693 510 2760 demanda
525 2713 590 2776 quc
606 2695 647 2760 de
662 2694 812 2779 predicto
827 2715 940 2762 annuo
955 2695 1088 2762 redditu
1099 2716 1176 2762 cum
1189 2694 1405 2780 pertinenciis
1420 2693 1612 2779 aliqualiter

261 2794 349 2878 exigi
370 2795 491 2880 poterit
514 2805 573 2863 aut
595 2795 717 2882 requiri
741 2799 788 2864 Et
810 2819 873 2882 ego
895 2819 974 2865 vero
996 2797 1088 2866 dicta
1112 2800 1305 2884 Margarcta
1329 2798 1469 2864 heredes
1491 2796 1557 2864 mei
1578 2806 1612 2864 et

260 2899 425 2983 assignati
446 2909 555 2967 totum
579 2911 613 2968 et
635 2901 803 2987 integrum
826 2924 977 2970 annuum
1003 2903 1170 2970 redditum
1197 2910 1411 2990 prenotatum
1438 2923 1516 2968 cum
1543 2901 1614 2968 suis

260 3004 476 3089 pertinenciis
519 3005 657 3090 prelatis
701 3017 818 3076 curato
860 3017 894 3074 et
938 3007 1123 3094 capellanis
1162 3029 1202 3074 ac
1249 3007 1321 3074 suis
1364 3005 1615 3072 successoribus

261 3109 389 3176 curatis
432 3120 466 3176 et
503 3111 687 3196 capellanis
731 3113 812 3180 dicti
850 3113 943 3181 chori
981 3113 1017 3180 in
1061 3113 1218 3182 omnibus
1255 3122 1289 3180 et
1322 3133 1382 3198 per
1418 3110 1532 3178 omnia
1576 3119 1614 3179 ut

260 3214 460 3300 premissum
498 3226 550 3284 est
584 3239 646 3302 per
681 3239 800 3286 omnes
836 3229 944 3287 terrae
981 3242 1021 3288 ac
1058 3219 1289 3305 possessiones
1325 3226 1459 3284 nostras
1496 3223 1614 3282 contra

260 3339 378 3386 omnes
422 3321 582 3386 mortales
632 3321 920 3390 varentizabimus
968 3321 1236 3408 acquietabimus
1279 3329 1313 3388 et
1359 3320 1612 3405 imperpetuum

260 3422 478 3491 defendemus
516 3425 566 3490 IN
607 3425 755 3492 CUIUS
788 3424 835 3492 rei
866 3425 1099 3492 testimonium
1130 3424 1209 3492 huic
1239 3421 1386 3510 presenti
1417 3430 1509 3488 carte
1539 3441 1613 3486 mee

261 3527 417 3612 Sigillum
433 3537 545 3595 meum
561 3539 595 3596 et
611 3529 760 3615 sigillum
776 3531 982 3600 honorabilis
996 3531 1059 3598 viri
1074 3531 1175 3596 dauid
1191 3550 1283 3596 mare
1298 3528 1397 3594 vnius
1412 3525 1612 3594 balliuorum
1738 3614 1740 3620 y

260 3631 453 3716 dicti'burgi
468 3655 508 3698 ac
524 3633 651 3700 datoris
669 3633 780 3702 sasine
798 3635 992 3702 huiusmodi
1014 3635 1118 3702 annui
1140 3634 1291 3700 redditus
1314 3632 1450 3700 domino
1464 3629 1612 3698 villelmo

260 3757 384 3821 couper
398 3737 569 3804 collectori
591 3759 632 3805 ac
654 3740 882 3824 procuratorio
902 3741 1039 3808 nominc
1061 3741 1243 3808 eorundem
1267 3737 1517 3824 capellanorum
1534 3745 1612 3802 sunt

259 3861 409 3925 appensa
432 3845 521 3927 apud
534 3845 691 3911 ‘eundem
718 3847 860 3931 burgum
887 3857 1009 3914 octauo
1032 3847 1085 3914 die
1109 3846 1235 3912 mensis
1259 3843 1347 3929 Iunij
1373 3863 1462 3910 anno
1484 3840 1610 3926 dominj

261 3943 440 4012 millesimo
463 3947 733 4033 quingentesimo
755 3961 878 4018 octauo
901 3953 1026 4020 Coram
1049 3950 1302 4018 honorabilibus
1322 3958 1355 4016 et
1378 3947 1517 4014 famosis
1532 3945 1612 4012 vin's

262 4049 386 4116 Iacobo
401 4051 566 4118 collisoun
584 4053 764 4122 alexandro
782 4075 865 4141 gray
881 4055 994 4124 carelo
1016 4055 1198 4122 stewinson
1222 4051 1444 4138 burgensibus
1466 4049 1613 4117 dominis

261 4153 412 4220 Iohanne
440 4133 530 4222 reide
556 4157 677 4224 dauide
703 4158 772 4225 liell
798 4159 983 4244 capellanis
1013 4160 1210 4228 Normando
1239 4157 1333 4224 leslie
1364 4155 1548 4240 sergeando
1579 4161 1612 4218 et

259 4253 396 4321 domino
413 4257 564 4326 Iohanne
581 4257 757 4344 stirueling
771 4261 902 4328 notario
918 4260 1052 4346 publico
