4460 5984
622 694 684 778 146
1117 687 1217 754 Caria
1231 683 1382 752 Iohannis
1406 683 1477 750 orat

620 885 697 932 mea
712 863 845 951 propria
864 861 1030 949 scriptura
1045 869 1096 927 est
1112 859 1211 926 affixa
1226 857 1325 943 Apud
1340 857 1484 923 eundem
1500 853 1632 922 decimo
1647 863 1767 940 quarto
1782 853 1836 922 die
1851 855 1979 922 mensis

619 971 764 1057 Augustj
791 990 882 1038 anno
911 967 1039 1036 domini
1069 965 1249 1032 millesimo
1275 961 1546 1048 quingentesimo
1571 971 1630 1028 xx⁰
1649 959 1810 1028 Testibus
1836 959 1978 1028 honora·

620 1075 742 1144 bilibus
771 1079 817 1142 et'
835 1071 985 1160 prouidis
1010 1069 1091 1138 viris
1119 1069 1256 1138 domino
1288 1067 1440 1135 Iohanne
1473 1066 1672 1134 Ruthiriurd
1698 1064 1805 1132 milite
1830 1064 1978 1154 Arthuro

620 1177 814 1263 quuhard
844 1177 967 1264 garino
996 1195 1133 1261 murray
1154 1171 1376 1258 burgensibus
1405 1173 1447 1239 de
1476 1171 1643 1238 Abirdene
1668 1169 1825 1238 Waltero
1853 1173 1979 1258 sandry

619 1283 797 1368 sergiando
812 1293 846 1350 et
863 1281 1028 1368 Magistro
1051 1279 1153 1348 dauid
1171 1277 1368 1346 nicholsone
1391 1276 1534 1345 Notario
1553 1275 1687 1362 publico
1702 1283 1736 1344 et
1752 1275 1862 1345 scriba
1877 1278 1978 1346 Curie

619 1407 680 1471 pro
695 1396 846 1474 tempore

749 1599 825 1664 Hec
850 1605 902 1664 est
924 1617 1004 1663 vera
1027 1594 1134 1681 Copia
1160 1591 1355 1680 principalis
1381 1599 1473 1659 carte
1496 1588 1705 1658 fundationis
1727 1589 1920 1658 donationis
1943 1601 1977 1660 et

676 1693 702 1792 ἓ
748 1701 976 1770 concessionis
995 1701 1040 1766 nil
1063 1700 1217 1768 addendo
1239 1719 1302 1764 nec
1322 1697 1540 1764 diminuendo
1561 1697 1649 1782 quod
1672 1695 1720 1762 rei
1743 1696 1975 1766 substanciam

668 1793 694 1944 a}
748 1817 856 1876 mutet
889 1815 947 1875 aut
980 1793 1196 1874 Intellectum
1222 1802 1329 1872 variet
1356 1804 1415 1870 sed
1441 1801 1661 1889 principalj'
1651 1823 1686 1868 ιιι
1713 1801 1870 1870 omnibus
1898 1823 1976 1870 eon·

669 1911 701 2014 ’ξ
748 1913 891 1980 cordans
928 1911 1071 1978 fideliter
1104 1909 1229 1995 scripta
1259 1917 1293 1976 et
1324 1907 1547 1975 collacionata
1583 1927 1643 1994 per
1680 1927 1735 1973 me
1773 1907 1975 1993 Magistrum

676 2017 694 2104 ξ
747 2017 901 2084 thomam
921 2035 1033 2101 zoung
1050 2014 1230 2082 Notarium
1251 2013 1423 2100 publicum
1443 2013 1506 2081 sub
1525 2013 1610 2079 meis
1629 2011 1734 2096 Signo
1753 2020 1787 2078 et
1810 2012 1976 2098 subscrip·

748 2121 840 2189 tione
856 2117 1097 2188 Manualibus'
1088 2141 1123 2185 m
1138 2117 1371 2186 consimilibus
1387 2117 1568 2186 Consuetis
1583 2127 1616 2184 et
1631 2116 1766 2183 usitatis

1213 2537 1375 2602 LXXIX.

396 2785 501 2838 mr
627 2751 701 2914 IN
737 2749 790 2816 dei
827 2745 963 2814 nomine
993 2745 1102 2811 Amen
1137 2765 1197 2830 per
1226 2745 1290 2812 hoc
1325 2765 1464 2830 presens
1498 2741 1670 2830 publicum
1707 2745 1975 2813 Instrumentum

714 2851 856 2923 Cunctis
879 2859 994 2937 pateat
1017 2851 1190 2918 euidenter
1212 2853 1300 2936 quod
1323 2851 1422 2916 Anno
1446 2847 1694 2917 Incamationis
1714 2849 1881 2917 dominice
1902 2851 1976 2919 mil·

397 2937 532 3056 {ffb
618 2959 739 3028 lesimo
768 2955 1038 3044 quingentesimo
1070 2953 1234 3041 vigesimo
1268 2963 1388 3041 quarto
1425 2953 1569 3020 mensis·
1584 2974 1663 3021 vero
1694 2953 1893 3022 Decembris
1921 2955 1976 3023 die

397 3069 512 3121 mortus
522 3067 583 3136 xviil
616 3063 795 3134 undecimo
817 3061 1036 3148 pontificatus
1058 3059 1264 3146 sanctissimj
1291 3060 1326 3126 io
1348 3059 1486 3128 Christo
1508 3059 1615 3146 patris
1637 3080 1677 3126 ac
1697 3059 1825 3127 domini
1847 3060 1975 3128 domini

397 3135 538 3252 fflligffl
617 3169 724 3238 nostri
740 3165 918 3236 clementis
932 3165 1047 3234 diuina
1066 3165 1283 3251 prouidencia
1305 3185 1392 3252 pape
1415 3164 1549 3252 septimj
1572 3186 1661 3233 anno
1682 3167 1831 3233 secundo
1852 3168 1892 3233 ln
1909 3167 1975 3234 mei

340 3303 342 3312 ’
397 3264 521 3381 'iffi‘
532 3279 575 3316 ⁸¹¹²
617 3271 739 3359 notarij
773 3271 898 3358 publicj
926 3279 960 3338 et
981 3271 1121 3338 testium
1146 3269 1434 3356 infrascriptomm
1458 3269 1632 3356 presencia
1654 3269 1876 3356 personaliter
1897 3293 1975 3339 con-

398 3395 542 3448 10mnnem
618 3378 759 3446 stitutus
778 3375 945 3444 Prouidus
966 3375 1018 3443 vir
1040 3375 1211 3443 Iohannes
1233 3375 1313 3444 blak
1335 3375 1512 3462 burgensis
1532 3377 1573 3442 de
1591 3375 1750 3443 abirdene
1770 3376 1896 3443 Non
1864 3399 1898 3443 vr
1916 3387 1975 3445 aut

397 3459 580 3577 tffiurgen
611 3493 712 3552 metu
735 3485 858 3550 ductus
880 3503 942 3549 nec
964 3501 1075 3548 errore
1101 3481 1218 3567 lapsus
1240 3503 1300 3548 seu
1323 3481 1443 3566 quouis
1464 3482 1542 3549 dolo
1565 3481 1817 3550 circumuentus
1839 3491 1890 3550 set
1914 3503 1976 3550 sua

398 3591 519 3644 eunome
618 3609 712 3656 mera
727 3609 811 3673 pura
826 3595 860 3653 et
876 3595 1064 3672 spontanea
1074 3585 1250 3654 voluntate
1262 3585 1376 3653 animo
1388 3606 1455 3653 non
1466 3585 1619 3654 variandi
1629 3595 1666 3654 ut
1682 3587 1838 3672 apparuit
1848 3587 1974 3655 Totum

399 3719 579 3800 Th³b²⁰¹¹¹²⁰¹¹
618 3703 652 3762 et
678 3693 847 3778 integrum
870 3689 966 3760 illum
989 3713 1139 3759 annuum
1163 3691 1331 3759 redditum
1358 3713 1457 3759 suum
1480 3691 1667 3760 octodecim
1691 3691 1874 3760 solidorum
1897 3715 1975 3760 cum

398 3786 565 3918 pnyimfea
564 3797 837 3917 pertinenciis
862 3795 1039 3865 annuatim
1065 3806 1244 3864 exeuntem
1270 3805 1304 3864 et
1330 3797 1512 3864 leuandum
1540 3799 1582 3865 ad
1605 3799 1690 3866 duos
1713 3798 1791 3884 annj
1813 3797 1976 3866 terminos

398 3852 526 3968 risnenuOf
532 3865 754 3972 payvenales
784 3901 990 3988 penticostes
1015 3901 1171 3970 videlicet
1197 3911 1231 3968 et
1258 3901 1375 3988 Sanctj
1402 3901 1537 3987 martinJ'
1566 3902 1601 3968 in
1630 3924 1728 3988 yeme
1753 3923 1813 3989 per
1838 3903 1976 3989 equales

398 3981 521 4100 ffl‘ff
619 4007 795 4095 porciones
818 4008 859 4074 de
884 4015 958 4074 tota
983 4015 1017 4072 et
1043 4006 1174 4092 integra
1199 4015 1289 4073 terra
1312 4008 1481 4125 quondam
1505 4005 1676 4076 alexandri
1699 4005 1822 4074 tulidef
1839 4005 1976 4094 pistoris

620 4115 759 4181 Iacente
784 4110 870 4179 infra
899 4111 1028 4178 dictum
1058 4109 1240 4196 burgum'
1231 4131 1265 4176 m
1292 4111 1403 4196 capite
1428 4110 1494 4178 vici
1524 4109 1689 4178 inferioris
1718 4111 1859 4179 ecclesie
1889 4111 1977 4180 inter

619 4225 744 4285 terram
771 4215 853 4283 dicti
885 4215 1048 4284 Iohannis
1074 4217 1153 4284 blak
1179 4237 1220 4282 en
1246 4213 1398 4303 orientalj
1427 4238 1468 4283 ex
1493 4237 1560 4284 vna
1587 4225 1620 4284 et
1647 4239 1862 4285 communem
1883 4217 1975 4286 viam

619 4320 747 4407 regiam
763 4343 804 4388 ex
819 4319 1019 4406 occidentalj
1042 4321 1194 4407 partibus
1217 4322 1259 4388 ab
1282 4321 1389 4389 altera
1408 4331 1533 4389 terram
1549 4323 1719 4408 quondam
1736 4323 1837 4391 dauid
1858 4325 1976 4391 ander-

620 4447 702 4492 sone
727 4445 845 4492 versus
870 4433 1023 4492 austrum
1056 4433 1090 4490 et
1117 4445 1331 4492 communem
1357 4423 1447 4492 viam
1473 4425 1600 4510 regiam
1626 4447 1744 4492 versus
1775 4427 1910 4494 boream
1935 4427 1975 4492 In

621 4529 778 4598 manibus
806 4529 1014 4598 honorabilis
1043 4529 1174 4616 patricij
1203 4530 1297 4598 leslie
1321 4530 1422 4598 unius
1447 4531 1648 4600 balliuorum
1679 4532 1760 4600 dicti
1789 4533 1885 4620 burgi
1917 4555 1977 4620 per

620 4657 725 4702 vnum
740 4635 914 4703 denarium
930 4636 972 4702 de
986 4634 1107 4702 outtoll
1131 4655 1264 4703 sursum
1287 4635 1430 4704 reddidit
1450 4656 1598 4722 pureque
1613 4646 1647 4704 et
1663 4635 1861 4723 simpliciter
1874 4639 1976 4724 resig-
