4490 5990
323 669 488 736 Fmrdaeio
502 669 613 736 aluric
629 669 740 738 Sancti
752 665 918 734 cahraton's
928 674 986 756 per
999 667 1164 736 Andream
1185 687 1315 754 murray
1331 669 1510 756 bergomens
1554 683 1596 755 95

239 863 294 910 me
318 843 359 911 In
379 849 600 929 augmentum
621 839 726 910 diuini
747 841 859 910 cultus
878 839 1039 908 honorem
1057 839 1111 910 dei
1131 837 1373 928 omnipotentis
1394 837 1597 909 Beatissime
1619 849 1712 916 enai]
1728 851 1791 914 1⁶⁰4

238 947 378 1035 virginis
408 949 513 1018 marie
547 947 656 1016 sancti
692 947 872 1016 saluatoris
906 969 947 1016 ac
977 947 1129 1016 omnium
1164 957 1358 1016 sanctorum
1394 969 1453 1034 pro
1489 947 1598 1016 salute
1620 916 1777 1032 ffffiff

239 1053 352 1122 anime
378 1075 451 1121 mee
477 1053 666 1122 animarum
693 1062 871 1140 parentum
897 1075 1037 1120 uxorum
1067 1061 1320 1120 antecessorum
1347 1073 1497 1120 meorum
1525 1046 1784 1119 suc-1>robacionit

239 1179 412 1226 sessorum
435 1159 685 1228 benefactorum
702 1168 735 1226 et
754 1157 905 1226 omnium
928 1158 1078 1225 fidelium
1102 1154 1334 1226 defunctorum
1359 1159 1405 1226 Et
1427 1157 1600 1244 signanter
1621 1111 1821 1228 mallim

239 1285 299 1350 pro
311 1263 489 1334 animabus
505 1264 645 1332 Illorum
661 1286 802 1351 quorum
818 1264 932 1352 aliqua
947 1266 1035 1334 bona
1051 1263 1252 1332 minusiuste
1267 1262 1370 1332 habui
1386 1285 1445 1332 seu
1457 1266 1600 1349 adeptus
1623 1243 1768 1296 Rotmeon

239 1369 286 1456 iuj
315 1369 447 1438 dedisse
476 1363 685 1440 concessisse
709 1373 756 1438 Et
786 1373 851 1440 hac
874 1369 1022 1456 presenti
1052 1381 1148 1438 carta
1177 1391 1254 1438 mea
1279 1369 1508 1439 Confirmasse
1537 1371 1601 1436 deo

240 1473 464 1562 omnipotenti
493 1475 735 1562 gloriosissime
764 1475 885 1562 virgini
921 1475 1028 1544 Marie
1058 1485 1178 1543 sancto
1200 1474 1361 1560 saluatom'
1387 1483 1421 1542 et
1444 1472 1602 1542 omnibus

242 1578 370 1647 sanctis
406 1601 446 1648 ac
483 1580 583 1648 altari
620 1579 730 1649 sancti
767 1578 948 1648 saluatoris
983 1581 1023 1646 In
1057 1579 1201 1648 eeclesia
1237 1579 1328 1648 beati
1363 1577 1521 1646 Nicholai
1559 1580 1602 1645 de

242 1683 400 1752 abirdene
429 1683 556 1754 situato
585 1707 625 1754 ac
655 1685 792 1754 domino
824 1685 968 1754 Iohanni
999 1687 1171 1754 chaumer·
1190 1685 1399 1772 Capellanno
1430 1707 1506 1753 meo
1530 1709 1602 1772 per·

243 1797 345 1874 petuo
376 1799 410 1856 et
442 1789 693 1860 successoribus
727 1791 798 1859 suis
833 1790 1026 1876 presbiteris
1060 1812 1178 1858 omnes
1211 1800 1244 1858 et
1278 1789 1430 1876 singulos
1462 1793 1603 1858 Annuus

244 1893 411 1960 Redditus
437 1917 531 1962 meos
557 1895 766 1982 subscriptos
796 1918 873 1964 curn
904 1895 1047 1962 summis
1076 1896 1257 1964 eorundem
1284 1895 1447 1962 leuandos
1475 1895 1603 1962 usualis

243 2007 378 2066 monete
402 1999 512 2086 Regni
531 2000 648 2068 Scocie
673 2003 829 2070 Iacentes
850 1999 935 2069 infra
951 2001 1079 2068 dictum
1095 2002 1238 2086 burgum
1254 1999 1422 2070 defundis
1437 2009 1603 2068 terrarum

243 2103 525 2188 subsequentibus
542 2105 697 2173 videlicet
720 2129 824 2173 vnum
845 2108 1004 2174 Annuum
1029 2107 1189 2172 Reditum
1212 2105 1330 2192 vigintj
1355 2105 1539 2174 solidorum
1562 2108 1604 2174 de

244 2217 333 2276 terra
348 2209 525 2296 Wilhelmj
549 2211 676 2278 murres
697 2213 835 2280 Iacente
857 2211 892 2278 in
914 2211 989 2280 vico
1011 2210 1114 2280 castri
1130 2233 1171 2280 ex
1185 2211 1325 2278 australi
1342 2219 1436 2296 parte
1452 2209 1602 2278 eiusdem

243 2311 307 2378 vici
330 2314 424 2380 Inter
443 2323 567 2382 terram
585 2315 749 2382 Iohannis
764 2316 929 2383 malisone
949 2337 990 2382 ex
1010 2315 1165 2382 orientali
1181 2325 1276 2400 parte
1292 2337 1332 2382 ex
1347 2336 1413 2382 vna
1428 2325 1462 2382 et
1477 2325 1603 2382 terram

244 2421 413 2504 quondam
438 2421 589 2489 Mordaci
611 2422 847 2510 glenmalvyne
863 2444 903 2490 ex
919 2421 1119 2490 occidentali
1142 2421 1295 2508 partibus
1313 2443 1354 2488 ex
1372 2421 1479 2488 altera
1498 2443 1602 2488 vnum

243 2523 402 2591 Annuum
424 2525 600 2592 'redditum
631 2527 820 2612 quindecim
851 2525 1033 2594 solidorum
1064 2528 1105 2594 de
1134 2535 1223 2594 terra
1249 2525 1429 2592 Alexandri
1455 2526 1603 2598 Watson
1625 2533 1788 2602 nowghben

244 2629 381 2696 Iacente
396 2651 438 2696 ex
452 2630 570 2699 boriali
585 2639 680 2718 parte
700 2631 850 2700 eiusdem
865 2631 930 2700 vici
954 2633 1049 2698 Inter
1070 2639 1194 2698 terram
1220 2629 1359 2698 Roberti
1374 2629 1547 2716 blyndsele
1562 2651 1603 2696 ex
1624 2601 1728 2718 {cffl
1740 2615 1792 2652 Μ

243 2733 397 2800 orientali
418 2743 451 2801 et
471 2743 596 2802 terram
611 2737 744 2802 Andree
767 2735 905 2803 littister
924 2757 966 2802 ex
980 2733 1181 2802 occidentali
1203 2756 1307 2802 vnum
1330 2735 1490 2800 Annuum
1515 2735 1602 2801 Red·
1625 2729 1774 2786 ¹⁸0b¹⁸¹¹l²

243 2837 351 2905 ditum
376 2837 484 2905 decim
509 2837 691 2907 solidorum
718 2841 760 2907 de
789 2849 878 2910 terra
901 2838 1078 2910 Wilhelmi
1105 2837 1293 2906 Nicholson
1322 2836 1357 2905 in
1387 2839 1505 2905 eodem
1527 2837 1602 2906 vico
1624 2803 1802 2914 limeum

243 2939 331 3008 inter
352 2951 477 3010 terram
500 2941 678 3012 Wilhelmi
696 2946 807 3032 bynne
830 2947 884 3014 Ex
906 2943 1061 3014 orientali
1083 2965 1124 3012 ex
1146 2965 1213 3012 vna
1232 2953 1266 3012 et
1286 2953 1412 3012 terram
1431 2943 1602 3029 quondam
1624 2927 1705 2994 ΒΜ

244 3043 412 3132 Raynaloi
435 3044 582 3116 Talzour
603 3069 645 3116 ex
670 3047 871 3118 occidentali
896 3071 1001 3118 vnum
1027 3070 1177 3118 annuum
1204 3047 1387 3118 Redditum
1414 3047 1602 3116 octodecim

242 3148 425 3218 solidorum
450 3152 492 3218 de
515 3159 604 3220 terra
627 3156 796 3239 quondam
821 3153 985 3224 Iohannis
1009 3155 1146 3223 scherar
1169 3163 1263 3222 extra
1285 3163 1417 3240 portam
1441 3151 1601 3221 borialem

242 3253 307 3322 vici
334 3253 436 3324 castri
464 3257 558 3326 Inter
583 3267 709 3328 terram
737 3259 896 3346 Symonis
925 3259 1044 3347 gardin
1074 3283 1116 3328 ex
1144 3259 1300 3328 orientali
1325 3269 1360 3326 et
1386 3279 1601 3326 communem

241 3357 331 3426 viam
363 3361 506 3448 Regiam
533 3385 574 3430 ex
600 3365 800 3434 occidentali
826 3387 931 3434 vnum
961 3371 1121 3434 Annuum
1151 3365 1319 3434 redditum
1347 3363 1493 3450 quinque
1524 3363 1601 3430 soli-

243 3464 362 3532 dorum
384 3468 426 3533 de
448 3477 539 3536 terra
570 3468 733 3536 Iohannis
759 3469 1015 3557 lammyntoune
1039 3467 1073 3535 in
1102 3469 1176 3554 iuty
1205 3467 1292 3534 inter
1314 3477 1439 3534 terram
1469 3465 1601 3532 Thome

243 3569 479 3658 glenmalvyne
503 3594 544 3640 ex
567 3575 708 3642 australi
729 3585 763 3644 et
784 3577 964 3660 quemdam
989 3583 1101 3642 ortum
1125 3583 1260 3643 vastum
1285 3595 1326 3640 ex
1349 3572 1474 3640 boreali
1497 3591 1601 3637 vnum

243 3673 404 3742 Annuum
422 3677 605 3745 Redditum
621 3681 737 3748 decem
754 3679 937 3748 solidorum
953 3682 995 3746 de
1010 3688 1099 3746 terra
1111 3676 1262 3764 symonis
1277 3676 1396 3763 gardin
1413 3678 1551 3742 Iacente
1567 3673 1601 3740 in
1643 3682 1751 3760 'svijjd

242 3777 317 3846 vico
332 3765 471 3848 nauiu'm
496 3783 549 3848 Ex
563 3783 764 3852 occidentali
779 3793 875 3870 parte
890 3784 1040 3852 eiusdem
1064 3782 1152 3850 inter
1168 3792 1292 3849 terram
1310 3779 1473 3848 Iohannis
1487 3779 1602 3865 iychat
1625 3757 1770 3881 {affi‘t'n

243 3904 284 3950 ex
314 3881 454 3953 australi
484 3896 518 3954 et
547 3897 672 3956 terram
707 3893 876 3975 quondam
912 3888 1076 3957 Iohannis
1109 3909 1245 3954 menzes
1274 3907 1316 3953 ex
1345 3883 1469 3954 boreali
1498 3904 1602 3951 vnum
1625 3877 1826 3997 {homeffl'the

244 3987 404 4054 Annum
432 3989 615 4058 Redditum
642 4014 701 4060 sex
727 3993 910 4063 solidorum
940 4003 1017 4060 octo
1040 3991 1252 4060 denariorum
1283 3991 1324 4058 de
1353 3999 1443 4057 terra
1471 3989 1604 4056 Andree
1626 3961 1756 4076 allil'rlehe

245 4091 391 4160 branche
409 4094 546 4162 Iacente
563 4097 604 4163 In
619 4095 694 4166 vico
716 4097 855 4166 nauium
871 4121 912 4166 ex
926 4097 1081 4166 orientali
1101 4105 1196 4182 parte
1211 4095 1361 4163 eiusdem
1377 4093 1464 4160 inter
1478 4102 1604 4160 terram
1627 4075 1690 4128 ¹⁹³⁶

246 4196 361 4265 Iacobi
376 4199 499 4285 kyntor
513 4221 554 4266 ex
569 4201 723 4270 orientali
739 4212 773 4270 et
789 4225 987 4271 communes
1001 4203 1075 4270 vias
1089 4201 1200 4290 regias
1221 4224 1262 4270 ex
1284 4197 1485 4270 occidentali
1499 4219 1603 4264 vnum

245 4320 395 4369 annuum
420 4303 604 4375 Redditum
626 4307 806 4374 tresdecim
831 4309 1014 4376 solidorum
1030 4317 1064 4376 et
1080 4318 1224 4393 quatuor
1240 4305 1452 4374 denariorum
1471 4303 1513 4370 de
1531 4311 1605 4370 tota

244 4415 278 4472 et
307 4408 444 4494 Integra
466 4419 555 4478 terra
583 4412 745 4480 Iohannis
768 4416 900 4482 Andree
925 4415 1063 4482 Iacente
1086 4415 1121 4479 in
1146 4413 1221 4480 vico
1244 4411 1346 4479 castri
1369 4411 1457 4477 inter
1479 4418 1604 4476 terram

245 4511 355 4579 sancti
378 4513 561 4582 sebastiani
577 4537 618 4583 ex
637 4517 838 4586 occidentali
853 4529 887 4586 et
903 4540 1100 4587 communes
1119 4517 1193 4584 vias
1214 4517 1324 4604 regias
1345 4538 1385 4584 ex
1404 4513 1604 4582 occidentali

243 4623 276 4680 et
300 4613 417 4682 boriali
444 4618 595 4704 partibus
618 4631 651 4688 et
675 4631 782 4690 terras
797 4623 976 4690 Alexandri
1001 4625 1077 4690 Mar
1096 4633 1129 4690 et
1148 4622 1290 4708 gylberti
1306 4623 1416 4690 Waus
1438 4621 1479 4686 de
1503 4639 1604 4704 many
