4460 5984
628 633 800 703 comm
821 635 952 702 ummo
972 635 1218 724 capellanorum
1238 637 1357 704 ecclesie
1612 657 1675 728 199

401 809 490 876 Item
508 808 706 894 capellanus
721 809 819 876 berte
834 807 941 876 marie
955 817 1091 876 tenetur
1105 810 1261 878 similiter
1275 811 1406 879 soluere
1422 810 1548 880 eisdem
1565 813 1675 900 cupel-

314 909 402 980 lenis
413 933 474 998 pro
488 913 620 980 duobus
634 911 782 980 obitibus
797 912 950 998 magistri
968 914 1107 982 loannis
1122 915 1229 982 smale
1243 915 1399 984 videlicet
1415 916 1521 984 misse
1537 919 1578 984 de
1593 927 1675 985 nota

314 1037 393 1088 cum
413 1016 578 1101 trigintsli
599 1025 761 1102 sequente
783 1017 827 1084 od
844 1017 967 1084 festum
987 1017 1178 1086 natiuitatis
1199 1018 1288 1086 besti
1314 1019 1452 1088 Ioannis
1475 1021 1622 1105 baptiste
1641 1031 1674 1088 et

314 1119 383 1192 elio
397 1117 562 1204 trigintali
576 1120 619 1186 sd
635 1119 759 1188 festum
775 1117 885 1186 sancti
901 1120 1037 1206 martinj
1054 1120 1090 1188 in
1105 1121 1216 1188 hieme
1227 1124 1370 1191 deterre
1383 1125 1552 1208 quondam
1568 1123 1675 1210 ipsius

316 1221 470 1309 magistri
487 1222 650 1292 Iohannis
665 1223 773 1292 emole
787 1243 878 1291 nunc
893 1223 1080 1309 capellanie
1095 1225 1194 1294 beate
1209 1245 1297 1294 anne
1313 1227 1502 1311 pertinente
1599 1249 1643 1300 xx
1658 1249 1675 1294 s

404 1327 546 1395 Summe
560 1325 663 1396 huius
677 1347 753 1394 xxc

403 1434 492 1502 Item
516 1451 576 1517 pro
599 1430 694 1498 obitu
714 1430 867 1516 magistri
890 1431 1007 1506 thome
1030 1453 1125 1500 usus
1147 1433 1355 1518 precentoris
1374 1436 1542 1519 quondam
1567 1457 1675 1504 mora·

316 1535 444 1608 uiensis
472 1556 513 1606 sc
541 1535 696 1621 canonicj
728 1537 961 1606 abirdonensis
995 1538 1180 1623 capellanie
1209 1539 1319 1606 sanmi
1349 1539 1485 1625 martinj
1518 1563 1675 1626 premeue

315 1641 523 1712 fundationis
533 1641 675 1727 predicti
687 1641 839 1726 magistri
851 1641 968 1708 thome
979 1643 1023 1710 ad
1035 1643 1141 1710 altare
1153 1643 1340 1729 predictum
1352 1653 1487 1712 tenetur
1497 1645 1675 1714 annuatim

317 1746 447 1814 soluere
474 1745 659 1831 capellanis
684 1745 777 1833 ehorj
805 1745 946 1832 predicti
969 1767 1029 1832 pro
1052 1745 1158 1816 missa
1180 1749 1221 1816 de
1244 1756 1325 1814 nota
1348 1757 1382 1814 et
1406 1749 1570 1834 trigintali
1596 1772 1674 1817 cum

315 1852 483 1920 locatione
508 1851 623 1920 tabule
645 1859 679 1918 et
702 1871 779 1920 cera
802 1861 840 1920 ut
863 1852 966 1920 moris
989 1861 1041 1920 est
1063 1848 1099 1920 in
1121 1853 1212 1922 dicta
1238 1853 1381 1922 ecclesia
1406 1875 1466 1940 pro
1493 1875 1559 1940 quo
1584 1853 1673 1922 idem

316 1958 514 2044 capellanus
537 1956 728 2024 infeodetur
1482 1958 1539 2044 xiij
1557 1959 1635 2048 eiiij
1653 1961 1675 2028 d

404 2063 548 2137 Summe
563 2060 665 2132 huius
679 2059 737 2146 xiij
755 2083 772 2131 s
787 2059 834 2146 iiij
853 2061 875 2130 d

405 2169 494 2237 Item
513 2189 573 2253 pro
594 2166 700 2235 missa
718 2167 761 2240 de
781 2187 918 2252 corpore
939 2165 1032 2236 cristi
1052 2166 1201 2252 qualibet
1222 2169 1370 2249 secunda
1389 2167 1472 2242 feria
1492 2167 1676 2240 solenniter

316 2272 360 2347 ud
384 2291 555 2344 summum
579 2270 686 2341 altere
701 2290 761 2356 pro
779 2291 847 2356 qua
867 2269 975 2342 missa
992 2270 1159 2356 capellani
1181 2270 1395 2341 infeodantur
1413 2273 1454 2338 de
1472 2272 1675 2348 molendinis

318 2376 501 2462 Iusticierij
531 2397 590 2462 per
619 2375 827 2462 prepositum
857 2375 1002 2462 balliuos
1034 2376 1190 2452 consules
1220 2385 1253 2442 et
1283 2375 1563 2452 communitatem
1594 2377 1676 2454 disti

316 2481 413 2566 hurgj
1515 2481 1561 2568 iiij
1579 2481 1675 2556 libet

404 2585 470 2655 Pro
495 2605 564 2655 non
589 2583 756 2657 solutione
782 2584 871 2658 dicte
898 2583 1001 2680 misse
1023 2583 1192 2672 preteritis
1215 2593 1248 2652 et
1273 2583 1397 2671 elapsis
1422 2585 1631 2672 temporibus
1651 2585 1673 2676 ij

317 2710 509 2766 mucosum
528 2691 572 2761 sd
592 2698 728 2776 tempus
746 2699 783 2764 ut
803 2689 937 2775 plenius
959 2689 1151 2767 continetur
1169 2689 1205 2758 in
1225 2690 1347 2761 litteris
1369 2690 1469 2766 dictIs
1491 2691 1676 2778 capellanis

318 2796 461 2881 desuper
475 2793 565 2870 datis
1222 2847 1226 2856 .
1284 2847 1310 2859 ..

405 2901 494 2976 Item
517 2921 577 2986 pro
600 2899 763 2988 magistro
786 2900 919 2988 andree.
932 2899 991 2988 hal
1013 2897 1477 2992 thespuraricupirdoneusis
1492 2907 1525 2974 et
1541 2897 1675 2979 officiati

317 3003 467 3081 eiusdem
491 3026 553 3090 pro
574 3003 683 3098 prtum
706 3003 812 3078 misse
834 3002 982 3090 quotidie
1004 3005 1240 3081 adesummum
1263 3003 1371 3075 altare
1393 3002 1559 3096 capellani
1582 3003 1676 3078 chori

317 3109 531 3186 intendantur
552 3107 800 3197 imperpetuum
819 3109 859 3177 de
878 3107 1024 3180 dimedio
1043 3106 1149 3178 rethis
1171 3108 1212 3179 de
1232 3107 1264 3180 le
1283 3106 1389 3182 turdis
1411 3106 1551 3184 assideti
1572 3127 1675 3194 quon·

317 3215 396 3291 dom
419 3213 600 3288 alexandro
623 3211 792 3288 melisoun
812 3219 845 3302 et
861 3209 953 3284 uxori
977 3231 1038 3302 sue
1060 3218 1100 3304 et,
1117 3231 1207 3278 nunc
1221 3209 1315 3279 uxori
1338 3231 1397 3286 sue
1420 3211 1563 3286 durante
1584 3209 1676 3285 dicta

316 3316 524 3396 secutione
992 3367 998 3382 .
1051 3367 1068 3392 -,
1592 3335 1614 3380 ν
1629 3312 1675 3392 lib

405 3423 494 3497 Item
509 3441 569 3508 pro
584 3421 703 3496 eodem
715 3421 757 3494 de
767 3417 867 3489 terris
879 3421 923 3496 de
935 3419 1070 3489 findone
1079 3417 1235 3494 videlieet
1251 3417 1485 3508 schmquiack
1499 3427 1533 3492 et
1549 3419 1675 3494 amabo

317 3536 416 3612 prout
431 3527 467 3600 iu
482 3515 749 3600 mortificatione*
756 3525 907 3599 eiusdem
923 3523 1032 3594 lacius
1046 3523 1189 3594 hebetur
1608 3523 1642 3598 xl
1658 3544 1675 3597 t

405 3633 493 3701 Item
509 3651 570 3716 pro
587 3631 705 3704 eodem
725 3629 766 3699 de
784 3637 873 3696 terra
892 3629 1061 3714 quondam
1078 3625 1243 3696 Willelmi
1262 3625 1415 3694 buchane
1430 3625 1567 3714 pistoris
1584 3647 1675 3702 nunc

317 3738 441 3813 sudree
456 3737 611 3812 bushone
627 3734 772 3806 Iunioris
786 3733 923 3820 pistoris
940 3735 1077 3803 Iacente
1092 3731 1127 3798 in
1141 3733 1216 3800 vico
1230 3732 1400 3800 turcarum
1473 3731 1529 3819 viij
1547 3753 1564 3798 s
1578 3730 1636 3819 viij
1653 3731 1675 3806 d

405 3843 492 3910 Item
512 3861 571 3927 pro
591 3841 710 3908 eodem
730 3841 772 3913 de
791 3849 881 3908 terre
899 3840 1070 3924 quondam
1091 3838 1254 3906 Iohannis
1274 3837 1421 3912 leudoris
1441 3857 1531 3904 nunc
1551 3837 1675 3904 andree

316 3946 732 4022 teiloourinvicoeodem
1498 3941 1530 4028 xj
1548 3940 1675 4026 sviijd

404 4053 547 4123 Summa
565 4051 717 4124 omnium
734 4072 793 4136 pro
808 4050 918 4136 prima
935 4049 1040 4118 missa
1054 4049 1111 4134 viij
1131 4049 1178 4116 lib
1195 4047 1242 4134 iiij
1263 4050 1284 4116 d
1303 4057 1354 4114 set
1372 4049 1414 4116 de
1432 4045 1523 4116 diets
1539 4067 1674 4114 summa

317 4157 483 4244 capellani
506 4157 639 4229 soluent
662 4155 846 4242 capellanis
868 4155 1009 4227 ecclesie
1024 4153 1227 4236 cathedralis
1243 4151 1474 4230 abirdonensis
1496 4150 1673 4225 annuatim

1480 4255 1536 4340 xiij
1555 4253 1633 4346 eiiij
1651 4256 1673 4332 d

403 4379 437 4440 nt
453 4369 502 4440 sic
517 4389 578 4455 pro
592 4368 684 4440 uicta
699 4367 804 4440 missa
818 4366 995 4442 annuatim
1470 4361 1515 4450 vij
1534 4359 1579 4436 lib
1594 4361 1638 4450 vij
1656 4382 1674 4436 s

405 4475 547 4550 Summo
561 4474 678 4550 totuis
692 4473 793 4548 huius
809 4471 912 4550 misse
1452 4467 1497 4560 vij
1515 4467 1579 4542 libs
1593 4467 1638 4560 vij
1656 4488 1673 4542 s
