4460 5984
658 705 722 754 aro
952 689 1108 758 Dimr'ssr'o
1129 697 1206 758 terra
1228 711 1249 758 a
1269 697 1376 758 curato
1397 698 1427 758 rt
1446 693 1614 780 capellam'r
1635 693 1727 762 ebori

657 869 787 930 cartam
804 861 986 949 subscripsi
1001 885 1146 932 unacum
1166 863 1469 950 subscriptionibus
1488 867 1703 935 manualibus
1721 867 1888 937 dictorum
1907 873 2016 958 curatj

657 975 691 1032 et
714 967 965 1052 capellanorum
988 970 1087 1054 Apud
1111 969 1269 1036 abirdene
1296 971 1494 1038 duodecimo
1518 972 1572 1038 die
1597 973 1724 1040 mensis
1751 975 1900 1060 Ianuarij
1928 997 2019 1043 anno

657 1070 783 1156 dominj
808 1073 989 1140 millesimo
1012 1073 1282 1158 quingentesimo
1305 1075 1564 1160 quadragesimo
1589 1087 1712 1144 octauo
1737 1099 1850 1146 coram
1874 1081 2020 1147 testibus

656 1174 775 1242 thoma
802 1197 937 1243 menzes
966 1178 1136 1263 preposito
1161 1181 1202 1244 de
1226 1178 1383 1246 abirdene
1409 1179 1591 1248 alexandro
1617 1182 1808 1262 rutherlurd
1838 1183 2020 1252 alexandro

657 1277 781 1346 knollis
810 1280 972 1366 magistro
1001 1283 1134 1350 roberto
1164 1282 1331 1349 lumisden
1363 1283 1535 1368 magistris
1567 1285 1720 1353 Iohanne
1753 1287 1954 1355 nicholsoun
1984 1298 2018 1356 et

659 1383 812 1454 Iohanne
834 1385 966 1473 kenedy
986 1375 1295 1473 notarijs'publicis
1317 1407 1395 1454 cum
1418 1387 1561 1456 diuersis
1583 1389 1661 1476 alijs
1733 1471 1736 1477 Ι

1288 1665 1381 1734 CVI.

754 1803 942 1871 MNIBUS
965 1803 1053 1870 hanc
1077 1805 1216 1871 Cartam
1239 1803 1362 1870 visuris
1376 1805 1429 1870 vel
1449 1804 1614 1872 audituris
1637 1815 1775 1873 curatus
1795 1817 1829 1874 et
1850 1809 2016 1894 capellanj

796 1908 889 1994 chori
906 1909 1047 1976 ecclesie
1068 1908 1288 1994 parrochialis
1304 1908 1373 1976 diui
1394 1908 1541 1976 nicholai
1565 1909 1660 1996 burgi
1683 1913 1725 1978 de
1745 1913 1911 1979 aberdene
1934 1923 2019 1980 eter-

656 2010 788 2078 namin
811 2013 947 2079 domino
963 2012 1108 2079 salutern
1131 2013 1294 2080 noueritis
1309 2033 1372 2078 nos
1395 2013 1625 2102 capitulariter
1647 2025 1871 2101 congregatos
1888 2017 2019 2084 voeatis

654 2115 816 2182 vocandis
835 2125 872 2202 ,et
893 2119 1062 2184 Interesse
1081 2116 1284 2183 habentibus
1304 2117 1454 2204 vnanimj
1477 2139 1644 2185 consensu
1659 2127 1693 2185 et
1709 2141 1850 2186 assensu
1871 2121 2017 2190 utilitate

625 2273 630 2284 .
655 2229 771 2288 nostra
791 2219 872 2287 dicti
893 2220 999 2288 nostri
1021 2219 1161 2306 capituli
1182 2221 1316 2307 preuisa
1334 2231 1477 2308 pensata
1495 2231 1529 2288 et
1548 2223 1726 2308 diligenter
1745 2225 1959 2293 considerata
1976 2247 2018 2293 ex

656 2325 756 2392 certis
768 2325 880 2391 causis
897 2325 1153 2393 rationabilibus
1170 2325 1303 2392 animos
1318 2335 1452 2392 nostros
1463 2328 1506 2393 ad
1522 2327 1586 2393 hoc
1599 2328 1815 2395 mouentibus
1825 2330 2017 2396 vendidisse

656 2441 690 2498 et
716 2429 883 2496 alienasse
911 2449 951 2496 ac
977 2429 1070 2515 ipsas
1091 2431 1319 2497 venditionem
1343 2439 1376 2496 et
1400 2429 1638 2498 alienationem
1664 2431 1729 2499 hac
1752 2433 1900 2518 presenti
1922 2445 2018 2501 carta

656 2535 874 2602 confirmasse
897 2543 1079 2619 tenoreque
1102 2534 1308 2620 presentium
1331 2536 1476 2601 vendere
1496 2545 1530 2602 et
1553 2535 1700 2602 alienare
1723 2536 1880 2623 ipsasque
1902 2539 2017 2606 vendi-

656 2638 783 2708 tionem
813 2647 847 2704 et
877 2637 1116 2706 alienationem
1147 2639 1211 2706 hac
1241 2641 1389 2724 presenti
1420 2649 1514 2708 carta
1545 2641 1745 2708 confirmare
1774 2641 1915 2728 prouido
1944 2643 2017 2710 viro

656 2745 780 2812 andree
795 2743 951 2810 craulurd
968 2743 1091 2810 seniori
1107 2744 1264 2830 burgensi
1285 2745 1326 2812 de
1347 2746 1513 2812 aberdene
1533 2755 1566 2812 et
1587 2745 1782 2813 elizabeitht
1798 2747 1879 2833 king
1894 2769 2017 2833 sponse

655 2869 715 2916 sue
738 2856 771 2914 et
798 2869 914 2915 eorum
938 2847 1035 2915 alteri
1058 2847 1185 2915 diutius
1214 2847 1342 2916 uiuenti
1366 2849 1612 2935 heredibusque
1641 2849 1729 2917 inter
1750 2851 1842 2936 ipsos
1866 2851 2016 2938 legitime

655 2952 839 3038 procreatis
865 2973 924 3020 seu
951 2952 1167 3038 procreandis
1197 2952 1318 3038 quibus
1346 2953 1432 3020 forte
1462 2954 1696 3021 deficIentibus
1725 2955 1904 3022 heredibus
1934 2957 2015 3024 dicti

654 3059 777 3124 andree
793 3066 827 3124 et
850 3057 921 3124 suis
936 3056 1119 3142 assignatis
1134 3057 1388 3142 quibuscunque
1407 3057 1531 3124 Totam
1548 3067 1581 3126 et
1597 3058 1763 3145 integram
1779 3059 1873 3126 illam
1888 3069 2014 3128 terram

654 3171 805 3229 nostram
843 3161 1044 3229 anteriorem
1079 3183 1157 3229 curn
1189 3162 1401 3247 pertinentiis
1438 3183 1540 3248 quam
1578 3184 1668 3229 nunc
1705 3163 1897 3232 inhabitant
1933 3166 2015 3233 dicti

653 3267 798 3334 andreas
816 3275 849 3332 et
870 3266 1064 3334 elizabeitht
1086 3268 1259 3333 Iacentem
1280 3265 1366 3334 infra
1387 3266 1514 3334 dictum
1535 3269 1678 3352 burgum
1697 3289 1739 3334 ex
1759 3269 1898 3336 australi
1920 3280 2014 3356 parte

653 3369 719 3438 vici
739 3371 879 3438 nauium
902 3369 1052 3438 eiusdem
1078 3372 1173 3437 Inter
1191 3379 1316 3437 terram
1339 3373 1464 3438 andree
1486 3371 1619 3438 cullane
1642 3392 1683 3437 err
1704 3371 1859 3439 orientali
1885 3395 1927 3440 ex
1948 3395 2014 3442 vna

653 3483 780 3542 terram
802 3473 936 3560 gilberti
960 3475 1125 3542 malisone
1145 3497 1187 3541 ex
1209 3475 1409 3560 occidentalj
1434 3475 1587 3561 partibus
1607 3478 1651 3542 ab
1671 3475 1777 3543 altera
1798 3497 2013 3546 communem

652 3577 744 3646 viam
759 3579 886 3664 regiam
901 3601 1019 3647 versus
1041 3580 1177 3646 boream
1200 3589 1234 3646 et
1251 3589 1376 3647 terram
1401 3579 1599 3646 Interiorem
1620 3579 1701 3647 dicti
1719 3583 1843 3648 andree
1858 3584 2014 3652 craufurd

652 3705 770 3752 versus
788 3693 941 3751 austrum
957 3705 1017 3770 pro
1032 3705 1099 3750 vno
1115 3705 1228 3752 annuo
1243 3683 1375 3750 redditu
1390 3683 1518 3769 vigenti
1534 3684 1717 3751 solidorum
1732 3685 1860 3752 vsualis
1879 3697 2014 3755 monete

653 3787 748 3874 regni
764 3787 869 3854 scotie
887 3787 985 3855 nobis
1000 3798 1034 3854 et
1050 3788 1300 3856 successoribus
1319 3789 1444 3854 nostris
1462 3787 1639 3855 annuatim
1655 3790 1697 3855 de
1712 3789 1905 3858 huiusmodi
1923 3801 2014 3860 terra

653 3891 819 3960 anteriore
849 3915 926 3959 curn
958 3893 1170 3979 pertinentiis
1200 3893 1362 3960 soluendo
1392 3895 1435 3960 ad
1465 3895 1550 3959 duos
1579 3892 1658 3976 annj
1689 3895 1853 3960 terminos
1878 3897 2014 3964 vsuales

653 3997 891 4082 penthecostes
908 3995 1063 4064 videlicet
1082 4006 1116 4064 et
1135 3997 1243 4064 sancti
1263 3997 1399 4082 martinj
1420 3997 1454 4062 in
1473 3997 1594 4082 hyeme
1609 4017 1669 4082 per
1686 3999 1824 4082 equales
1842 4000 2013 4085 portiones

653 4123 693 4168 ac
705 4123 765 4187 pro
776 4101 988 4186 reparatione
1000 4111 1034 4168 et
1046 4101 1296 4168 constructione
1312 4101 1400 4168 dicte
1415 4110 1503 4168 terre
1518 4101 1696 4168 anterioris
1711 4123 1788 4168 curn
1800 4103 2013 4188 pertinentiis

651 4204 850 4272 Tenendam
878 4215 910 4272 et
937 4207 1126 4272 habendam
1153 4215 1262 4272 totam
1289 4215 1322 4274 et
1354 4208 1527 4291 Integram
1552 4205 1678 4272 dictam
1704 4214 1828 4272 terram
1859 4217 2011 4276 nostram

652 4310 853 4378 anteriorem
869 4333 946 4376 cum
963 4309 1179 4395 pertinenciis
1195 4310 1294 4376 dictis
1312 4312 1435 4376 andree
1455 4319 1489 4376 et
1510 4309 1702 4376 elizabeitht
1723 4320 1756 4376 et
1777 4331 1893 4376 eorum
1915 4313 2011 4380 alteri

652 4413 779 4482 diutius
804 4413 932 4480 viuenti
959 4413 1203 4499 heredibusque
1234 4414 1321 4480 inter
1350 4414 1442 4499 ipsos
1468 4413 1617 4498 legitime
1644 4415 1827 4498 procreatis
1854 4435 1912 4482 seu
1938 4439 2011 4502 pro·

652 4517 806 4586 creandis
824 4528 860 4585 vt
879 4540 980 4605 supra
998 4541 1019 4586 a
1038 4518 1135 4586 nobis
1155 4529 1188 4585 et
1209 4519 1460 4586 successoribus
1482 4517 1606 4584 nostris
1629 4519 1670 4584 de
1693 4537 1851 4603 supremo
1874 4521 2011 4589 domino

651 4631 768 4692 nostro
784 4643 863 4712 rege
878 4632 912 4690 et
927 4623 998 4690 suis
1013 4622 1264 4692 successoribus
1281 4623 1416 4710 regibus
1434 4621 1539 4690 scotie
1554 4623 1589 4689 in
1604 4622 1701 4690 leodo
1716 4631 1750 4690 et
1768 4623 1955 4694 hereditate
1970 4648 2011 4695 ac
