4490 5990
813 665 910 735 cana
932 667 1048 754 mttej
1069 669 1185 736 Factae
1632 661 1679 755 89'

317 842 500 910 solidorum
526 843 567 909 de
589 841 666 909 aliis
691 841 822 910 duobus
845 839 950 908 orreis
976 839 1061 908 meis
1088 841 1283 912 lacentibus
1308 845 1351 910 ad
1377 843 1479 910 finem
1504 842 1584 928 dictj
1610 841 1675 910 vici

316 948 485 1014 furcarum
516 943 604 1013 inter
628 956 752 1013 terram
779 944 945 1014 Willelmi
973 947 1111 1032 Robertj
1139 969 1257 1016 versus
1290 958 1443 1015 austrum
1475 949 1520 1015 Et
1550 957 1675 1015 terram

317 1049 483 1120 Willelmi
501 1059 600 1120 vocat
623 1071 740 1118 versus
763 1051 898 1119 boream
927 1051 1014 1117 Item
1040 1071 1145 1118 vnum
1168 1073 1318 1120 annuum
1347 1051 1531 1120 Redditum
1558 1054 1675 1121 decem

317 1155 501 1224 solidorum
527 1158 568 1224 de
595 1155 670 1224 aliis
696 1156 826 1224 duobus
852 1153 956 1222 orreis
982 1153 1067 1222 meis
1092 1155 1127 1222 in
1154 1156 1245 1226 dicto
1270 1155 1345 1224 vico
1372 1157 1566 1224 lacentibus
1589 1155 1677 1224 inter

317 1268 442 1329 terram
472 1261 588 1328 thome
618 1261 661 1328 de
686 1281 820 1328 camera
849 1281 967 1328 versus
996 1262 1132 1328 boream
1164 1262 1211 1329 Et
1241 1269 1365 1330 terram
1388 1261 1554 1331 Willelmi
1576 1271 1675 1329 vocat

316 1387 434 1434 versus
456 1377 609 1450 austrum
634 1369 722 1434 Item
744 1387 848 1434 vnum
871 1387 1022 1434 annuum
1046 1365 1230 1435 Redditum
1253 1366 1415 1435 tredecim
1439 1367 1621 1435 solidorum
1642 1375 1676 1434 et

317 1481 463 1558 quatuor
476 1471 688 1541 denariorum
705 1472 745 1539 de
760 1479 850 1540 terra
865 1493 941 1540 mea
955 1479 1077 1540 vocata
1097 1471 1129 1539 le
1149 1471 1296 1542 lochlold
1312 1493 1389 1541 cum
1411 1473 1442 1540 le
1462 1473 1521 1540 kill
1539 1475 1676 1540 Iacente

317 1577 352 1644 in
377 1577 468 1646 dicto
489 1577 564 1645 vico
585 1577 755 1646 furcarum
776 1575 864 1645 inter
882 1587 1006 1646 terram
1026 1577 1143 1646 thome
1163 1581 1205 1647 de
1225 1599 1360 1648 camera
1382 1601 1500 1648 versus
1523 1589 1676 1648 austrum

318 1691 351 1751 et
382 1703 583 1752 commoune
616 1683 744 1770 lonyng
774 1705 892 1751 versus
922 1685 1059 1753 boream
1089 1683 1271 1753 Tenendos
1301 1693 1335 1752 et
1365 1683 1539 1754 habendos
1568 1685 1678 1753 dictos

317 1811 448 1858 annuos
481 1789 648 1857 Redditus
678 1811 755 1856 cum
785 1788 857 1856 suis
887 1788 1104 1875 pertinenciis
1134 1799 1168 1858 et
1198 1789 1392 1878 preuilegiis
1422 1789 1676 1876 quibuscunque

316 1895 448 1981 prefato
486 1895 631 1963 Iohanni
668 1894 840 1962 colisoune
875 1917 935 1962 seu
966 1895 1154 1981 cuicunque
1184 1895 1361 1982 capellano
1390 1897 1521 1982 ydoneo
1551 1917 1611 1983 pro
1640 1916 1677 1963 se

317 1999 478 2067 seruienti
501 2001 544 2066 ad
567 1999 674 2067 altare
697 1998 807 2067 sancti
830 1997 1007 2067 michaelis
1030 1999 1115 2067 infra
1138 1999 1317 2068 ecclesiam
1341 1999 1570 2088 parochialem
1593 1999 1675 2086 dictj

316 2105 412 2191 burgj
437 2108 478 2172 de
500 2103 667 2172 Abirdene
689 2127 749 2190 pro
771 2103 895 2172 Anima
918 2127 994 2173 mea
1016 2115 1050 2172 et
1074 2105 1252 2174 animabus
1275 2105 1427 2174 omnium
1450 2105 1677 2192 predictorum

315 2209 464 2296 quotidie
492 2233 570 2279 cum
600 2209 785 2296 dispositus
814 2209 913 2278 fuerit
944 2213 1021 2300 Quo
1050 2211 1227 2280 deficiente
1257 2211 1336 2280 altri
1367 2212 1437 2279 lilio
1467 2211 1548 2299 dictj
1576 2211 1677 2281 dauid

316 2315 488 2383 colisoune
519 2325 695 2402 procreato
725 2337 784 2382 seu
814 2318 1020 2402 procreando
1050 2315 1138 2384 inter
1167 2316 1278 2405 ipsum
1308 2325 1342 2385 et
1372 2319 1538 2404 Agnetem
1563 2317 1677 2386 fechat

318 2421 423 2489 filiam
454 2442 565 2488 meam
603 2429 637 2487 et
674 2441 834 2506 sponsam
872 2443 968 2488 suam
1006 2423 1081 2488 sed·
1103 2421 1134 2489 ei
1171 2422 1349 2508 capellano
1379 2425 1516 2509 ‚ydoneo
1545 2445 1607 2510 pro
1637 2444 1677 2492 eo

315 2527 475 2595 seruienti
498 2537 535 2594 vt
561 2526 775 2613 premittitur·
792 2529 898 2594 donec
925 2538 958 2595 et
985 2549 1159 2615 quousque
1185 2531 1229 2598 ad
1255 2529 1407 2599 ordinem
1436 2527 1678 2616 presbiteratus

316 2634 487 2704 CanonIce
518 2633 617 2728 luerit
647 2643 820 2720 promotus
854 2633 900 2700 Et
936 2633 985 2702 sic
1020 2643 1266 2721 consequenter
1299 2637 1406 2703 donec
1437 2645 1471 2704 et
1502 2655 1676 2722 quousque

314 2740 425 2808 dictus
448 2739 550 2808 dauid
572 2748 606 2806 et
628 2741 742 2825 Agnes
765 2759 890 2824 sponsa
904 2747 974 2807 ‘sua
996 2740 1143 2808 habeam
1167 2741 1274 2808 lilium
1298 2739 1386 2809 inter
1406 2763 1442 2808 se
1463 2751 1675 2828 procreatum

315 2856 373 2913 aut
392 2845 635 2932 procreandum
651 2845 694 2911 ad
710 2843 902 2913 huiusmodi
919 2845 1141 2932 capellaniam
1163 2845 1378 2914 seruiendum
1395 2845 1451 2932 quj
1474 2867 1534 2933 pro
1555 2845 1676 2914 ceteris

316 2951 359 3018 ad
386 2949 512 3017 dictam
542 2947 765 3034 capellaniam
790 2959 887 3016 erunt
912 2949 1098 3035 preferendi
1127 2950 1282 3018 faciendo
1313 2949 1499 3038 capellanis
1529 2949 1586 3035 qui
1616 2971 1676 3036 pro

314 3063 468 3141 tempore
497 3053 620 3121 fuerint
651 3063 685 3120 et
715 3053 768 3121 sui
793 3055 1014 3122 Successores
1036 3077 1097 3141 pro
1118 3055 1298 3124 animabus
1324 3053 1450 3130 nostris
1472 3053 1677 3139 supradictis

316 3159 465 3246 quotidie
492 3180 569 3226 cum
592 3157 746 3244 dispositi
771 3158 894 3226 fuerint
922 3161 962 3227 In
987 3159 1101 3228 missis
1125 3171 1158 3228 et
1181 3161 1257 3228 aliis
1284 3159 1454 3246 obsequiis
1483 3158 1608 3226 diuinis
1633 3159 1676 3228 ad

316 3265 444 3332 dictum
469 3265 576 3332 altare
602 3263 718 3349 Sanctj
747 3263 923 3332 michaelis
952 3265 1142 3332 orationum
1173 3264 1332 3350 suffragia
1357 3267 1556 3332 denotatum
1580 3273 1614 3330 et
1641 3261 1676 3330 in

317 3371 419 3438 choro
441 3368 590 3455 quotidie
615 3367 651 3434 in
678 3369 907 3455 solempnibus
937 3369 1029 3436 horis
1058 3369 1222 3437 interesse
1252 3379 1285 3436 et
1315 3367 1485 3436 deseruire
1506 3367 1677 3436 tenebitur

318 3478 396 3544 Iure
411 3486 526 3544 autem
546 3483 746 3561 patronatus
766 3474 856 3543 dicte
872 3475 1068 3562 CapellanIe
1086 3475 1217 3542 tociens
1232 3471 1394 3561 quociens
1408 3494 1529 3540 vacare
1545 3471 1674 3540 contin·

315 3583 401 3668 gerit
417 3585 459 3651 ad
475 3579 765 3669 presentationem
784 3601 896 3648 meam
912 3590 945 3648 et
963 3579 1126 3648 Iohannis
1140 3580 1254 3648 fechat
1270 3579 1330 3666 filij
1348 3577 1414 3664 mej
1431 3587 1465 3645 et
1480 3576 1675 3664 apparentis

315 3687 448 3756 heredis
463 3687 584 3773 quibus
599 3685 833 3755 deficientibus
847 3685 949 3754 dauid
961 3685 1113 3754 colisoun
1129 3695 1163 3752 et
1178 3683 1359 3752 heredibus
1375 3681 1446 3751 suis
1462 3683 1675 3750 Remanente

314 3793 416 3861 libere
432 3791 631 3878 disponendi
653 3793 700 3858 Et
716 3791 744 3860 sl
761 3791 864 3878 aliquj
882 3793 1043 3860 heredum
1065 3811 1218 3859 meorum
1234 3789 1344 3858 dictos
1360 3809 1491 3856 annuos
1507 3785 1674 3855 Redditus

314 3898 349 3966 in
365 3908 437 3966 toto
453 3909 512 3967 aut
528 3897 563 3965 in
578 3907 674 3984 parte
690 3897 892 3966 subtraxerit
902 3919 923 3966 a
934 3897 1025 3966 dicto
1042 3897 1219 3984 capellano
1234 3896 1336 3964 liceat
1352 3893 1489 3962 domino
1502 3893 1674 3982 Episcopo

314 4003 371 4089 qui
401 4025 461 4091 pro
489 4013 641 4090 tempore
667 4001 770 4071 tuerit
800 4003 1046 4071 subtractorem
1080 4001 1283 4070 auctoritate
1315 4021 1378 4068 sua
1407 3997 1609 4084 compellere
1637 3997 1673 4064 in

314 4109 436 4176 Anime
452 4129 511 4175 sue
527 4107 713 4195 periculum
735 4129 840 4193 vsque
864 4109 906 4176 ad
925 4107 1060 4194 plenam
1085 4105 1292 4174 solucionem
1316 4103 1472 4190 prosequj
1489 4111 1523 4171 et
1539 4101 1673 4170 distrin-

313 4235 391 4299 gere
406 4233 484 4280 cum
500 4213 621 4281 effectu
645 4213 871 4298 lutringentes
886 4235 946 4279 seu
961 4211 1111 4299 maligno
1134 4211 1315 4296 infringere
1336 4218 1497 4295 putantes
1519 4217 1671 4275 nostram

314 4317 563 4402 ordinacionem
590 4317 812 4387 donacionem
827 4329 872 4386 ¹et
898 4319 1152 4386 concessionem
1179 4317 1229 4383 Ac
1256 4314 1457 4382 huiusmode
1484 4311 1672 4380 Elimeosin

314 4423 609 4492 confirmacionem
644 4423 827 4492 autoritate
864 4423 992 4492 domini
1026 4422 1134 4492 nostri
1172 4423 1251 4490 Iesu
1288 4419 1405 4508 christj
1438 4418 1597 4504 Crucifixj
1632 4439 1673 4486 ac

313 4528 555 4614 omnipotentis
581 4527 633 4614 dej
661 4537 695 4595 et
723 4529 847 4596 Sancte
874 4529 993 4596 matris
1023 4525 1163 4595 ecclesie
1194 4535 1227 4593 et
1253 4534 1418 4612 quantum
1449 4523 1674 4592 committitur

312 4634 460 4701 humane
477 4636 606 4701 Nature
622 4637 665 4700 ad
681 4635 950 4702 maledicendum
970 4633 1216 4700 maledicantur
1231 4643 1265 4698 ct
1280 4631 1374 4698 illam
1394 4629 1672 4698 malediccionem
1695 4647 1801 4703 tol.8t¹

980 4739 1008 4786 tr
