4472 5992
606 645 648 712 50
887 631 1018 696 aaran
1040 631 1151 696 atum
1173 631 1285 698 emar
1305 631 1458 698 romnis
1480 633 1683 719 amazon

384 820 570 876 donaremus
608 803 771 872 Iohannis
796 803 940 890 giliespy
962 823 1003 870 ex
1025 803 1226 873 occidentali
1246 813 1281 872 et
1302 825 1517 874 communem
1540 806 1629 874 viam
1657 807 1871 894 regiamque
1895 810 1969 874 itur

380 887 585 1006 ffifflmklnss
606 910 650 980 ad
673 917 824 978 montem
847 910 949 995 castrj
973 931 1015 976 ex
1035 907 1191 978 orientali

384 1017 470 1074 scriba
681 1015 838 1084 >Summa
852 1015 954 1083 huius
969 1015 1156 1101 capellanie
1170 1015 1205 1102 iij
1223 1016 1270 1084 lib
1284 1016 1371 1102 xiijs
1389 1015 1480 1102 viijd

1235 1296 1346 1364 XXV.

384 1425 429 1478 ¹⁰¹·
441 1422 491 1478 ²²¹
695 1434 945 1502 ICHARDUS
964 1434 1204 1502 Cementurius
1218 1437 1388 1520 quondam
1405 1437 1492 1504 bone
1507 1437 1670 1504 memorie
1683 1437 1839 1506 fundauit
1862 1439 1970 1506 altare

384 1574 494 1630 uertale
737 1539 856 1606 Sancti
883 1539 1048 1608 Iohannis
1076 1541 1284 1626 evangeliste
1311 1563 1372 1627 pro
1398 1543 1517 1610 Salute
1546 1543 1660 1610 anime
1686 1565 1746 1611 sue
1776 1545 1967 1612 animarum

383 1641 575 1722 amsancti
607 1644 740 1730 Sponse
761 1665 822 1712 sue
842 1654 1022 1730 parentum
1045 1645 1298 1714 benefactorum
1321 1665 1362 1714 ac
1384 1645 1536 1714 omnium
1559 1647 1710 1715 fidelium
1732 1649 1968 1716 defunctorum

385 1708 563 1852 {wilere
607 1749 755 1816 secundo
772 1747 827 1816 die
843 1749 1003 1818 februarii
1017 1751 1117 1818 Anno
1135 1750 1263 1818 domini
1282 1750 1463 1818 millesimo
1480 1751 1713 1819 ducentesimo
1731 1753 1849 1839 lxxvij⁰
1865 1755 1969 1839 quod·

384 1839 563 1957 ffi‘ffiffl
607 1851 743 1938 quidem
758 1853 867 1922 altare
881 1863 915 1920 et
931 1855 1154 1939 Capelianum
1170 1864 1370 1942 perpetuum
1390 1855 1540 1924 eiusdem
1565 1856 1755 1924 Infeodauit
1770 1855 1806 1924 in
1822 1859 1967 1943 quodam

384 1969 534 2048 quingen-j
609 1979 735 2043 magno
757 1957 874 2026 Crofto
897 1958 929 2024 le
951 1960 1057 2027 Sanct
1082 1959 1208 2026 Iohnes
1231 1961 1315 2027 croft
1338 1971 1459 2028 vocato
1485 1963 1623 2028 lacento
1646 1983 1687 2028 ex
1709 1963 1851 2030 australi
1873 1973 1970 2048 parte

384 2043 569 2101 ‘⁸¹¹¹'⁰¹’‘¹²¹¹⁰
608 2061 674 2130 vici
694 2084 761 2148 quo
784 2065 859 2130 Itur
875 2065 920 2132 ad
939 2064 971 2130 le
992 2065 1184 2134 crahistane
1198 2075 1232 2132 et
1250 2067 1292 2134 de
1307 2087 1374 2134 vno
1388 2066 1455 2134 alio
1471 2068 1578 2134 crofto
1593 2087 1635 2132 ex
1649 2067 1851 2136 occidentali
1873 2077 1970 2152 parte

609 2167 760 2236 eiusdem
774 2167 840 2236 vici
856 2170 946 2254 quod
960 2189 1051 2236 nunc
1066 2170 1221 2236 Andreas
1241 2170 1372 2238 ancroit
1387 2170 1537 2256 possidet
1555 2171 1778 2238 Reddendum
1794 2171 1971 2257 capellano

608 2272 760 2340 eiusdem
775 2273 952 2341 annuatim
961 2295 1066 2340 vnum
1082 2295 1233 2342 annuum
1252 2275 1436 2342 Redditum
1451 2275 1561 2342 decim
1577 2275 1761 2343 solidorum
1773 2285 1808 2344 et
1823 2285 1901 2344 octo
1915 2277 1971 2343 de·

610 2376 782 2446 nan'orum
800 2378 895 2444 Idem
911 2377 1141 2446 cementarius
1162 2378 1353 2446 Infeodauit
1375 2381 1470 2446 Idem
1491 2380 1533 2446 de
1553 2381 1699 2464 quadam
1719 2388 1811 2448 terra
1833 2382 1971 2446 Iacente

608 2481 643 2550 in
658 2479 734 2550 ulco
749 2481 912 2550 Inferiore
923 2482 1066 2550 ecclesie
1081 2503 1123 2548 ex
1137 2482 1263 2550 boreali
1279 2493 1376 2568 parte
1391 2483 1542 2550 eiusdem
1554 2483 1619 2550 vici
1635 2505 1726 2550 nunc
1741 2483 1830 2551 inter
1844 2494 1971 2551 terram

608 2587 736 2656 domini
751 2587 915 2657 Iohannis
926 2587 1037 2656 litster
1052 2609 1093 2656 ex
1108 2589 1310 2657 occidentali
1325 2599 1359 2656 et
1374 2599 1501 2657 terram
1514 2591 1684 2675 quondam
1697 2589 1826 2658 mathei
1835 2589 1971 2656 Wn'cht

608 2713 650 2762 cx
671 2691 798 2762 boreali
821 2703 855 2762 et
878 2714 1077 2762 communes
1099 2693 1173 2761 vias
1195 2693 1306 2780 regias
1328 2715 1446 2762 versus
1468 2693 1581 2762 oriens
1601 2703 1635 2762 et
1653 2695 1817 2762 Austrum
1840 2695 1882 2760 de
1904 2715 1972 2778 qua

609 2798 807 2886 capellanus
834 2796 1012 2866 annuatim
1042 2817 1133 2866 nunc
1168 2799 1260 2866 leuat
1291 2819 1395 2866 vnum
1425 2819 1577 2866 annuum
1608 2797 1792 2866 Redditum
1823 2796 1908 2883 xxjs
1937 2805 1971 2864 et

608 2903 699 2972 viiid
714 2905 803 2972 Item
820 2903 1017 2972 Infcodatur
1033 2905 1076 2972 de
1091 2924 1158 2970 vno
1174 2905 1259 2972 Orto
1280 2906 1418 2972 Iacente
1434 2907 1628 2972 submonte
1649 2905 1776 2970 Sancte
1795 2901 1973 2970 katherine

610 3007 762 3094 Virginis
777 3027 838 3094 per
851 3009 1023 3094 quondam
1044 3007 1274 3076 Alexandrum
1297 3007 1411 3076 kintor
1432 3017 1466 3076 et
1490 3007 1704 3076 katherinam
1725 3006 1974 3092 Ouchtirlouny

609 3133 671 3196 pro
687 3111 797 3178 salute
812 3109 1003 3180 animarum
1024 3131 1164 3178 suarum
1187 3113 1274 3180 Item
1290 3113 1332 3180 de
1347 3133 1413 3178 vno
1433 3133 1547 3180 annuo
1567 3112 1715 3180 Redditu
1730 3111 1835 3179 trium
1850 3111 1972 3180 solido·

610 3237 686 3284 rum
713 3217 767 3284 De
793 3235 919 3302 magno
945 3215 1052 3284 crofto
1077 3215 1221 3284 hamum
1251 3216 1501 3300 predicatorum
1533 3219 1671 3284 Iacente
1700 3237 1742 3283 ex
1770 3215 1972 3284 occidentali
2098 3225 2103 3235 ’

610 3327 707 3405 parte
736 3318 902 3404 Cimiterij
934 3319 1077 3388 ecclesie
1109 3319 1315 3406 parochialis
1344 3323 1387 3388 de
1416 3321 1575 3388 abirdeue
1606 3321 1637 3388 le
1667 3321 1849 3389 liddisdaill
1885 3315 1971 3388 croft

609 3433 732 3494 vocato
754 3427 842 3492 Item
867 3425 1064 3492 Infeodatur
1085 3427 1129 3493 de
1149 3447 1217 3494 vno
1242 3447 1356 3494 annuo
1384 3427 1532 3495 Redditu
1553 3425 1611 3512 xiij
1629 3449 1646 3494 s
1669 3436 1703 3494 et
1727 3428 1909 3512 quatuord
1931 3427 1973 3494 de

609 3539 702 3598 terna
732 3530 903 3614 quondam
934 3529 1088 3616 magistri
1123 3529 1287 3598 Iohannis
1320 3531 1523 3616 leuynstoun
1556 3530 1672 3616 vicarij
1708 3533 1750 3598 de
1785 3533 1974 3616 Inuerrugy

611 3655 672 3720 per
700 3635 872 3719 quondam
898 3633 1119 3702 alexandrum
1146 3634 1259 3702 kintor
1285 3636 1332 3702 Et
1359 3636 1401 3702 de
1425 3657 1492 3702 vno
1517 3655 1632 3702 annuo
1656 3633 1805 3703 Redditu
1828 3636 1972 3704 duarum

612 3759 803 3808 morcarum
832 3740 875 3807 de
903 3747 996 3808 terra
1025 3741 1196 3824 quondam
1225 3740 1342 3808 thome
1367 3741 1522 3810 crafurde
1551 3763 1593 3808 ex
1620 3740 1763 3808 australi
1789 3749 1886 3825 parte
1908 3741 1974 3806 vici

612 3843 715 3928 castri
747 3864 807 3928 per
836 3842 965 3912 dictum
996 3844 1152 3912 thomam
1180 3854 1215 3912 et
1244 3847 1411 3930 Agnetem
1444 3845 1565 3914 Kintor
1599 3847 1767 3930 Sponsam
1798 3865 1895 3912 suam
1927 3845 1973 3912 Et

614 3947 811 4034 capellanus
832 3946 914 4016 dicti
937 3947 1056 4016 altaris
1078 3948 1255 4018 annuatim
1277 3949 1378 4018 faciet
1402 3959 1558 4018 cantores
1580 3960 1720 4018 cantare
1742 3952 1828 4017 duas
1850 3949 1973 4018 missas

613 4073 675 4138 pro
700 4052 811 4120 salute
840 4051 1031 4120 animarum
1058 4055 1229 4140 quondam
1253 4055 1419 4124 Willelmi
1448 4055 1562 4124 kintor
1590 4055 1774 4124 Alexandri
1800 4055 1913 4123 kintor
1939 4065 1973 4123 et

613 4157 790 4226 katherine
805 4155 1054 4244 Ouchtirlouny
1069 4167 1103 4226 et
1118 4158 1251 4244 agnetis
1266 4160 1432 4230 crauturd.

700 4263 959 4329 Memorandum
983 4265 1025 4330 de
1046 4261 1113 4330 ista
1135 4263 1337 4332 fundacione
1361 4285 1430 4332 non
1457 4263 1601 4334 habetur
1626 4263 1740 4350 aliqua
1766 4273 1861 4334 cana
1884 4267 1974 4350 quod

612 4375 689 4453 post
707 4365 939 4434 fundationem
963 4368 1090 4453 burgus
1112 4370 1154 4434 de
1169 4370 1343 4436 Aberdene
1365 4369 1427 4436 fuit
1450 4369 1486 4435 in
1508 4369 1665 4437 manibus
1687 4369 1896 4454 anglicorum

635 4471 842 4646 'ugdsuma
864 4471 966 4540 huius
984 4471 1181 4559 capellanie
1203 4473 1238 4560 iij
1262 4474 1309 4542 lib
1331 4495 1401 4540 xvs
1428 4474 1509 4560 iiijd
1532 4473 1682 4560 exceptis
1704 4475 1811 4542 crofto
1833 4485 1868 4540 et
1889 4473 1974 4542 tofto

613 4595 644 4642 et
709 4595 764 4642 em
