4408 6024
640 692 823 760 'Fundano
843 699 1017 780 margarete
1040 678 1203 780 Craafibd
1548 711 1612 778 237

255 865 481 937 PIENDUM
505 879 539 935 ct
562 868 743 934 leuandum
766 869 807 934 de
829 877 903 934 tota
925 877 958 932 et
981 867 1113 952 integra
1135 877 1226 933 terra
1249 877 1428 952 prenotata
1448 889 1525 932 cum
1541 867 1612 934 suis

254 973 471 1057 pertinenciis
496 975 539 1040 ad
566 975 650 1038 duos
675 973 755 1056 annj
781 973 944 1037 terminos
969 973 1104 1038 usuales
1130 972 1368 1057 penthecostes
1396 971 1552 1038 videlicet
1578 981 1612 1037 et

253 1075 363 1145 sancti
392 1077 529 1162 murtinj
560 1077 595 1143 in
624 1095 722 1164 yeme
751 1097 811 1162 per
840 1078 978 1162 equales
1004 1077 1179 1162 porciones
1205 1078 1298 1143 Adeo
1331 1076 1433 1144 libere
1462 1075 1612 1162 plenarie
1676 1079 1682 1089 “

253 1182 383 1268 integre
410 1183 592 1249 honorifice
619 1185 703 1249 bene
729 1191 763 1248 et
793 1181 827 1247 in
865 1203 948 1268 paee
978 1181 1013 1247 in
1043 1181 1200 1249 omnibus
1230 1191 1264 1248 et
1293 1203 1354 1267 per
1379 1181 1493 1248 omnia
1524 1181 1611 1248 deut

253 1287 375 1372 aliquis
397 1307 531 1354 annuus
549 1287 701 1354 redditus
722 1287 758 1352 in
781 1307 900 1371 puram
921 1298 954 1353 et
976 1297 1176 1372 perpetuum
1200 1286 1415 1352 elimosinam
1437 1287 1538 1352 datur
1552 1296 1611 1353 aut

253 1392 444 1476 possidetur
458 1393 532 1458 sine
547 1391 766 1458 reuocacione
777 1391 915 1476 aliquali
932 1393 1106 1458 FACIEN
1113 1392 1177 1457 DO
1194 1390 1272 1457 inde
1289 1391 1400 1456 dietus
1415 1390 1611 1475 capellanus

253 1507 287 1563 et
309 1495 360 1582 suj
390 1495 610 1565 Successores
638 1497 765 1563 Diuina
781 1497 949 1582 Suffragia
974 1517 1034 1581 pro
1057 1495 1291 1562 fundatoribus
1312 1495 1401 1563 dicte
1425 1493 1611 1580 capellanie

253 1601 403 1670 Tantum
428 1625 488 1690 pro
513 1603 606 1669 omni
632 1603 702 1670 alio
726 1601 869 1669 seruicio
896 1602 1039 1668 seculari
1066 1601 1241 1668 exactione
1269 1621 1328 1667 seu
1356 1603 1523 1668 demanda
1547 1621 1611 1685 que

253 1703 332 1772 inde
347 1707 434 1792 exigj
451 1707 573 1792 poterit
589 1717 648 1774 aut
664 1706 787 1791 requirj
813 1707 859 1772 Et
884 1707 959 1791 Ego
981 1727 1060 1772 vero
1083 1707 1196 1772 dictus
1212 1707 1366 1772 robertus
1388 1705 1529 1772 heredes
1545 1705 1611 1772 mei

253 1821 287 1876 et
310 1810 474 1896 assignati
500 1819 610 1878 totum
636 1819 670 1876 et
694 1809 863 1895 integrum
891 1829 1041 1876 annuum
1066 1809 1241 1879 sudditum
1263 1819 1407 1894 quatuor
1428 1809 1611 1875 solidorum

252 1925 467 2000 prenotatum
483 1937 560 1982 curn
577 1915 649 1982 suis
663 1914 881 2000 pertinenciis
895 1911 1026 2000 prefato
1038 1913 1214 1998 capellano
1227 1923 1261 1980 et
1275 1913 1347 1980 suis
1362 1912 1612 1980 successoribus

253 2019 287 2084 in
303 2020 460 2088 omnibus
475 2030 508 2088 et
523 2041 584 2106 per
593 2006 709 2086 'omnia
720 2029 757 2086 vt
769 2019 970 2104 premissum
987 2029 1039 2086 est
1055 2032 1114 2104 per
1128 2039 1248 2085 omnes
1260 2028 1369 2084 terras
1385 2037 1479 2084 meas
1495 2026 1629 2083 contra·

253 2145 371 2192 omnes
387 2127 548 2192 mortales
562 2123 849 2208 varentizabimus
861 2123 1130 2210 acquietabimus
1140 2133 1175 2190 et
1192 2125 1446 2208 Imperpetuum
1459 2123 1612 2188 deiende·

254 2237 331 2296 mus
355 2233 404 2297 IN
430 2232 578 2300 CUIUS
603 2230 695 2296 REI'
711 2229 953 2296 testimonium·
969 2229 1047 2296 huic
1074 2229 1221 2314 presenti
1244 2238 1340 2294 carte
1362 2248 1436 2294 mee
1455 2225 1610 2310 Sigillum

253 2356 366 2401 meum
383 2345 416 2402 et
440 2335 587 2422 sigillum
612 2335 743 2422 prouidi
757 2335 819 2420 virj
839 2337 973 2402 Andree
988 2335 1101 2402 cullan
1125 2333 1265 2400 senioris
1289 2333 1387 2399 vnius
1409 2331 1611 2400 balliuorurn

252 2441 402 2506 eiusdem
423 2441 520 2526 burgj
545 2463 585 2508 ac
608 2442 738 2509 datoris
760 2441 882 2508 Sasine
903 2451 987 2507 sunt
995 2459 1157 2526 appensa
1178 2441 1268 2525 aptrd
1283 2438 1428 2505 'abirden
1450 2435 1611 2502 vicesimo

253 2545 362 2629 primo
384 2545 438 2612 die
462 2546 591 2612 mensis
617 2545 776 2613 Octobris
797 2549 896 2611 Anno
922 2545 1050 2611 domini
1077 2543 1258 2610 millesimo
1280 2540 1611 2627 quadringentesimo

254 2649 485 2736 Nonagesimo
500 2651 618 2736 quinto
634 2654 758 2718 Coram
775 2649 841 2716 hiis
856 2649 1001 2716 testibus
1017 2649 1108 2733 forma
1115 2650 1292 2716 dauesone
1309 2645 1433 2712 Iacobo
1448 2645 1612 2728 kennerty

253 2757 388 2822 Iuniore
409 2758 529 2823 thoma
550 2757 731 2829 hatmalrar
754 2755 906 2822 Iohanne
928 2753 1040 2820 ischat
1063 2751 1287 2837 burgensibus
1301 2751 1435 2814 Andes
1458 2748 1610 2832 nauchty

220 2857 222 2861 ’
250 2863 439 2946 sergeando
452 2872 485 2928 et
502 2862 639 2928 domino
662 2862 816 2928 Iohanne
830 2859 1008 2944 stirueling
1022 2857 1155 2924 notario
1170 2855 1305 2940 publico
1321 2863 1377 2920 etc

876 3125 982 3197 CXV.

347 3283 535 3350 MNIBUS
557 3284 646 3349 hanc
666 3285 807 3352 cartam
822 3283 944 3350 visuris
958 3284 1011 3348 vel
1028 3279 1202 3348 Audiurris
1219 3282 1412 3365 Margareta
1429 3278 1604 3346 crauiurde
1627 3287 1672 3338 tol.
1684 3287 1731 3341 9⁶¹

380 3385 498 3452 relicta
512 3388 683 3470 quondam
700 3385 981 3452 alenandriRede
997 3387 1038 3451 de
1050 3381 1239 3470 petlodcllis
1250 3393 1401 3449 eternam
1417 3383 1604 3449 indumine
1629 3378 1758 3431 Fundauo

248 3485 404 3554 Salutem
421 3508 498 3556 cum
514 3509 633 3558 omnes
653 3493 819 3558 stabimus
834 3501 913 3558 ante
929 3489 1076 3557 tribunal
1092 3490 1218 3574 dominj
1241 3489 1347 3555 nostri
1369 3490 1471 3555 lhesu
1487 3488 1604 3554 christi
1627 3453 1771 3560 ffiffi

250 3593 323 3659 siue
349 3595 474 3661 bonum
502 3596 574 3663 siue
600 3597 728 3664 malum
754 3597 853 3663 luerit
882 3596 1049 3682 recepturi
1076 3605 1174 3681 prout
1205 3595 1239 3660 in
1270 3613 1406 3679 corpore
1436 3591 1604 3679 gessimus

249 3695 353 3781 igitur
381 3699 471 3765 diem
497 3699 637 3786 extremj
667 3701 785 3786 Iudicij
811 3699 967 3786 operibus
993 3699 1220 3766 misericordie
1247 3699 1426 3783 expediens
1452 3707 1504 3763 est
1531 3719 1604 3782 pre

250 3802 365 3869 uenire
380 3815 417 3870 vt
439 3806 607 3874 seminata
622 3806 656 3872 in
672 3806 770 3872 terris
786 3805 963 3892 multiplici
979 3805 1090 3871 iruetu
1106 3803 1307 3889 colligamus
1321 3803 1356 3868 in
1372 3802 1453 3868 celis
1468 3803 1604 3866 VNDE

249 3909 412 3975 noueritis
427 3931 482 3978 me
497 3931 557 3997 pro
573 3913 691 3979 Salute
706 3911 818 3979 anime
834 3931 908 3979 mee
924 3911 1037 3977 anime
1052 3909 1133 3994 dictj
1150 3911 1320 3994 quondam
1339 3906 1509 3990 alexandri
1526 3907 1604 3970 rede

249 4013 291 4078 de
318 4013 507 4098 petiodellis
533 4025 710 4101 parentum
738 4026 929 4084 nostrorum
951 4015 1204 4082 benefactorum
1228 4012 1417 4079 animarum
1441 4031 1556 4076 eorum
1584 4031 1604 4075 a

249 4117 371 4201 quibus
386 4119 499 4204 aliqua
522 4123 610 4189 bona
632 4121 745 4188 minus
763 4121 851 4187 iuste
866 4119 1046 4187 habuimus
1068 4129 1108 4185 et‘
1125 4117 1276 4185 omnium
1291 4116 1442 4183 bdelium
1458 4114 1604 4181 Defunc-

249 4230 360 4288 tomm
392 4223 612 4292 inhonorem
642 4225 696 4293 dei
722 4225 965 4311 omnipotentis
990 4223 1185 4292 beatissime
1210 4221 1351 4307 virginis
1379 4218 1485 4285 marie
1514 4217 1604 4284 beati

249 4323 409 4393 nicholaii
426 4329 542 4413 Sanctj
559 4329 725 4396 cristofori
742 4329 890 4395 martiris
905 4349 945 4394 ac
958 4327 1112 4394 omniurn
1129 4325 1253 4392 ciuium
1278 4323 1452 4390 celestium
1471 4321 1604 4388 dedisse

250 4431 459 4498 concessisse
482 4433 675 4518 assignasse
697 4444 732 4500 et
755 4435 818 4500 hac
842 4433 992 4518 presenti
1015 4441 1109 4498 carta
1125 4451 1201 4496 mea
1217 4429 1434 4495 confirmasse
1450 4424 1605 4492 discretis

249 4541 283 4600 et
309 4537 419 4602 doctis
443 4537 525 4604 viris
554 4549 672 4606 curato
701 4549 735 4605 et
765 4538 950 4624 capellanis
976 4536 1068 4604 chori
1098 4535 1253 4602 ecclesie·
1269 4532 1488 4619 parrochialis
1522 4529 1604 4597 dicti

248 4638 345 4723 burgj
370 4647 480 4706 totum
505 4651 539 4706 et
563 4642 730 4727 integrum
758 4661 908 4708 annuum
935 4639 1103 4706 redditum
1130 4655 1242 4702 meum
1266 4633 1385 4721 viginti
1412 4633 1603 4700 Solidorurn
