4490 5990
531 673 692 742 Fsmdatio
713 673 881 762 wallonis
903 673 1014 744 altares
1035 675 1106 744 diui
1126 675 1278 744 Iohannis
1301 679 1427 766 baptiste
1618 683 1659 764 83

907 989 1056 1056 XLVII.

299 1123 460 1192 chdatio
481 1125 650 1213 capellanie
671 1127 782 1194 altaris
811 1129 881 1215 diuj
909 1129 1061 1196 Iohannis
1091 1130 1217 1218 baptista
1237 1133 1430 1220 precursoris
1459 1135 1580 1222 dominj
1602 1143 1660 1224 prr
1682 1143 1786 1198 solua·

817 1231 990 1300 Iohannem
1011 1233 1138 1302 Knollis

390 1369 579 1440 MNIBUS
605 1369 694 1440 hanc
724 1373 863 1441 Castam
892 1372 1016 1442 visuris
1044 1375 1097 1442 vel
1121 1368 1306 1444 'Audituris
1337 1377 1507 1446 Iohannes
1536 1378 1659 1446 knollis

431 1477 607 1565 burgensis
631 1477 728 1566 burgi
751 1482 794 1548 de
816 1479 983 1551 Abirdene
1007 1503 1048 1550 ac
1071 1503 1171 1550 verus
1195 1491 1229 1550 et
1255 1484 1470 1554 Indubitatus
1495 1495 1659 1571 patronus

300 1583 417 1654 altaris
453 1583 543 1668 beatj
583 1583 746 1652 Iohannis
782 1585 930 1672 baptiste
965 1585 1052 1656 infra
1088 1587 1267 1656 ecclesIam
1298 1588 1387 1674 beatj
1423 1589 1581 1676 nicholaij
1617 1592 1659 1657 de

299 1687 466 1758 Abirdene
497 1687 614 1756 situati
646 1689 810 1758 Eternam
841 1687 875 1756 in
905 1691 1042 1759 domino
1073 1692 1217 1760 salutem
1244 1713 1322 1760 cum
1351 1714 1470 1761 omnes
1494 1694 1659 1764 stabimus

300 1804 380 1862 ante
395 1794 541 1862 tribunal
561 1793 688 1862 domini
707 1793 813 1864 nostri
832 1794 929 1864 ihesu
945 1796 1073 1866 Christi
1094 1797 1166 1865 siue
1185 1799 1310 1866 bonum
1329 1797 1401 1866 siue
1417 1799 1545 1866 malurn
1560 1799 1659 1867 luerit

300 1909 398 1987 prout
410 1899 445 1966 in
458 1901 605 1986 Corpore
621 1899 789 1988 gessimus
804 1903 971 1989 recepturi
985 1902 1094 1990 Igitur
1109 1903 1198 1972 diem
1214 1904 1354 1990 extremj
1369 1903 1488 1991 Iudicij
1502 1903 1659 1993 operibus

300 2005 527 2074 misericordie
546 2005 645 2074 valde
667 2007 848 2094 expediens
870 2019 922 2077 est
944 2009 1119 2096 preucnire
1135 2019 1171 2078 ut
1188 2009 1355 2080 seminata
1375 2011 1410 2078 in
1433 2009 1531 2078 terris
1546 2010 1659 2078 multi-

299 2111 378 2200 plici
393 2115 504 2182 fructu
520 2113 676 2200 colligere
691 2113 866 2182 valeamus
881 2112 916 2180 in
932 2114 1014 2182 celis
1026 2117 1124 2184 Vnde
1139 2116 1302 2184 uoueritis
1317 2139 1371 2184 mc
1387 2116 1421 2183 in
1437 2127 1658 2203 augmentum

299 2219 405 2288 diuini
420 2219 543 2289 Cultus
557 2220 690 2288 dedisse
711 2219 919 2288 concessisse
934 2229 968 2287 et
984 2221 1049 2290 hac
1064 2223 1211 2310 presenti
1233 2231 1328 2292 carta
1346 2245 1422 2292 mea
1439 2223 1659 2290 confirmasse

298 2327 362 2394 deo
377 2324 572 2394 beatissime
586 2325 708 2412 virgini
724 2325 829 2394 marie
849 2334 882 2392 et
903 2325 1060 2396 omnibus
1075 2325 1204 2394 sanctis
1218 2347 1259 2396 ac
1275 2327 1373 2395 altari
1388 2327 1478 2396 beati
1496 2326 1659 2396 Iohannis

300 2428 457 2516 Baptista
494 2429 665 2496 antedicto
701 2438 736 2506 et
774 2429 911 2497 domino
946 2430 1126 2498 alexandro
1155 2439 1254 2499 vocat
1288 2431 1463 2517 capellano
1496 2439 1659 2516 perpetuo

300 2537 430 2604 Ibidem
453 2536 635 2624 celebrantj
656 2545 690 2602 et
709 2533 780 2602 suis
803 2535 1054 2606 successoribus
1074 2535 1203 2604 Ibidem
1220 2535 1439 2604 celebraturis
1461 2557 1521 2622 pro
1544 2535 1658 2604 anima

300 2663 377 2710 mea
405 2663 446 2710 ac
476 2641 655 2710 animabus
684 2651 863 2727 parentum
893 2664 1127 2712 successorum
1158 2651 1191 2710 et
1222 2642 1473 2712 benefactorum
1505 2663 1657 2710 meorum

299 2771 339 2816 ac
354 2747 507 2816 omnium
527 2747 677 2816 fidelium
696 2747 929 2816 defunctorum
947 2771 1051 2818 vnum
1071 2769 1221 2817 annuum
1243 2747 1411 2816 redditum
1433 2747 1658 2834 quadraginta

298 2851 397 2920 vuius
420 2851 603 2919 solidorum
619 2850 746 2919 vsualis
765 2861 900 2920 monete
920 2851 1030 2920 scocie
1053 2851 1229 2920 annuatim
1250 2851 1432 2920 leuandum
1451 2854 1492 2919 de
1510 2852 1656 2937 quadarn

298 2968 388 3026 terra
412 2957 576 3026 Iohannis
598 2956 710 3024 kintor
733 2959 871 3026 Iacente
896 2957 982 3026 infra
1007 2957 1135 3026 dictum
1160 2959 1303 3044 burgum
1329 2957 1364 3024 in
1386 2957 1460 3024 vico
1487 2955 1590 3024 castri
1616 2977 1658 3022 ex

298 3064 439 3134 australi
466 3074 562 3151 parte
590 3061 740 3131 eiusdem
770 3062 834 3149 vicj
866 3063 954 3132 inter
985 3064 1088 3132 aliam
1117 3073 1244 3132 terram
1278 3063 1390 3148 Ipsius
1422 3060 1586 3130 Iohannis
1616 3081 1657 3128 ex

298 3170 452 3239 orientali
477 3191 518 3238 ex
539 3190 607 3237 vna
632 3179 666 3236 et
691 3177 817 3237 terram
842 3169 1014 3238 alexandri
1041 3193 1116 3238 mar
1140 3191 1182 3236 ex
1207 3166 1408 3237 occidentali
1437 3166 1590 3252 partibus
1613 3165 1657 3234 ab

298 3277 406 3344 altera
427 3276 664 3344 extendentem
683 3273 718 3341 in
739 3274 951 3361 longitudine
968 3298 989 3344 a
1009 3275 1181 3344 communi
1195 3273 1250 3342 via
1272 3272 1365 3359 regia
1385 3293 1504 3339 versus
1519 3273 1656 3340 boream

298 3383 341 3450 ad
362 3389 546 3448 torrentem
569 3389 687 3448 sancte
702 3377 865 3447 trinitatis
886 3403 1004 3448 versus
1026 3389 1180 3448 austrum
1196 3381 1245 3446 Ac
1260 3399 1363 3445 vnum
1380 3375 1484 3445 alium
1505 3397 1655 3443 annuum

297 3486 465 3554 redditum
501 3489 643 3554 duorum
678 3505 867 3552 mercatum
901 3485 1051 3553 eiusdem
1086 3493 1221 3552 monete
1251 3485 1293 3551 de
1322 3481 1389 3550 alia
1422 3491 1512 3548 terra
1544 3479 1656 3566 Ipsius

299 3590 462 3659 Iohannis
485 3593 617 3678 Kyntor
639 3593 778 3659 Iacente
793 3613 834 3658 ex
849 3590 1003 3678 orientalj
1020 3599 1117 3677 parte
1132 3589 1260 3677 prefate
1282 3597 1370 3656 terre
1393 3607 1453 3656 sue
1475 3609 1517 3654 ex
1535 3607 1603 3654 vna
1622 3593 1656 3652 et

296 3703 422 3764 terram
453 3697 623 3782 quondam
649 3695 815 3766 Willelmi
842 3719 976 3784 moyses
1002 3695 1154 3783 partibus
1180 3695 1223 3764 ab
1249 3693 1356 3762 altera
1381 3700 1415 3760 et
1442 3711 1656 3760 communem

296 3799 387 3868 viam
403 3799 531 3886 regiam
546 3822 665 3870 versus
679 3803 816 3870 boream
832 3803 1068 3870 extendentem
1089 3802 1133 3870 ad
1152 3808 1338 3868 torrentem
1354 3799 1479 3866 Sancte
1494 3793 1657 3863 trinitatis

296 3927 416 3974 versus
445 3915 597 3974 austrum
628 3905 663 3972 in
693 3915 914 3992 augmentum
941 3906 1090 3994 primeue
1116 3903 1359 3973 infeodacionis
1388 3911 1422 3968 et
1445 3899 1657 3969 fundacionis

297 4009 388 4078 dicto
411 4010 510 4078 altari
531 4011 621 4078 facte
643 4009 825 4079 Tenendos
847 4021 881 4080 et
905 4013 1079 4081 habendos
1101 4010 1211 4080 dictos
1233 4031 1366 4078 annuos
1390 4007 1556 4076 Redditus
1579 4027 1656 4074 cum

297 4115 515 4202 pertinenciis
529 4117 658 4203 prefato
674 4117 851 4203 capellano
866 4127 900 4186 et
916 4117 988 4186 suis
1000 4117 1260 4186 successoribus
1276 4113 1472 4202 Capellanis
1487 4112 1657 4200 perpetuis

296 4220 446 4290 eiusdem
468 4243 488 4290 a
508 4243 563 4290 mc
583 4232 617 4290 et
638 4221 817 4290 heredibus
840 4222 925 4290 meis
943 4223 978 4289 in
999 4245 1119 4310 puram
1143 4220 1378 4309 Elymosinam
1403 4221 1656 4306 Imperpetuum

296 4329 384 4396 Cum
407 4327 565 4397 omnibus
587 4337 621 4396 et
644 4329 787 4415 singulis
809 4328 1021 4398 libertatibus
1045 4327 1317 4398 Comoditatibus
1338 4335 1372 4394 et
1395 4321 1593 4394 asiamentis
1616 4343 1655 4388 ac

297 4433 403 4500 Iustis
432 4433 503 4500 suis
539 4433 757 4520 pertIneneiis
793 4433 1049 4521 quibuscunque
1078 4437 1171 4503 Adeo
1208 4433 1311 4502 libere
1348 4427 1496 4518 plenarie
1525 4427 1654 4512 integre

296 4538 478 4607 honorifice
508 4541 594 4608 bene
623 4551 657 4608 et
687 4540 722 4608 in
753 4563 837 4628 pace
867 4540 901 4608 in
931 4541 1089 4610 omnibus
1118 4551 1153 4608 et
1183 4561 1242 4627 per
1271 4537 1386 4607 omnia
1415 4535 1502 4604 sicut
1532 4533 1655 4620 aliquis

296 4665 431 4714 annuus
448 4645 599 4714 redditus
617 4647 703 4714 infra
721 4647 849 4716 dictum
874 4650 1016 4734 burgum
1039 4647 1074 4716 iu
1097 4667 1216 4734 puram
1240 4655 1273 4714 et
1296 4653 1493 4732 perpetuam
1517 4641 1654 4727 Elymo-
