4490 5990
726 683 818 752 caru
838 685 938 754 datad
961 686 1133 772 Syenem
1569 693 1609 758 81

248 860 397 929 conferre
418 861 562 948 Insuper
576 857 605 926 si
621 857 743 944 aliquis
758 859 920 928 heredum
936 881 1088 928 meorum
1101 870 1160 928 aut
1175 861 1424 947 assignatorum
1440 863 1610 949 predictos
1632 876 1675 929 rot.
1689 875 1737 930 22¹

248 988 380 1035 annuos
407 966 558 1034 redditus
584 964 619 1032 in
643 974 717 1032 toto
739 965 793 1032 vel
820 963 855 1030 in
880 974 975 1052 parte
1004 987 1025 1032 a
1055 966 1185 1052 prelato
1208 967 1384 1054 capellano
1407 969 1610 1038 subtraxerit

249 1083 330 1141 tunc
353 1071 453 1140 liceat
476 1069 613 1138 domino
639 1068 863 1138 diodecesaoo
886 1069 944 1156 quj
970 1091 1031 1156 pro
1057 1080 1209 1156 tempore
1232 1071 1332 1140 luerit
1356 1077 1513 1143 eumdem
1537 1073 1610 1142 siue

250 1179 386 1246 eosdem
413 1175 566 1244 censuris
591 1173 832 1242 ecclesiasticis
858 1175 1060 1261 compellere
1084 1185 1117 1243 et
1141 1176 1176 1242 in
1201 1177 1314 1246 anime
1338 1201 1398 1246 sue
1423 1180 1609 1266 periculum

250 1286 292 1352 ad
319 1281 506 1369 plenariam
533 1277 729 1347 solicionem
759 1279 887 1364 prelata
918 1301 1050 1348 summe
1079 1279 1269 1350 faciendam
1301 1285 1455 1370 prosequj
1484 1293 1517 1352 et
1544 1285 1610 1352 dis-

249 1387 395 1473 tringere
417 1407 496 1453 cum
520 1383 641 1452 effectu
666 1381 887 1468 infringentes
909 1405 969 1452 seu
992 1383 1026 1450 in
1050 1384 1163 1470 aliquo
1185 1385 1365 1473 infringere
1391 1398 1611 1474 procurantes

249 1499 423 1579 presentes
438 1510 534 1557 meas
556 1487 777 1558 donacionem
798 1489 1049 1558 ordinacionem
1065 1491 1318 1561 concessionem
1340 1494 1609 1580 assignacionem

248 1607 281 1666 et
302 1597 555 1666 elimosinarum
579 1593 875 1662 confirmacionem
894 1593 1076 1662 autoritate
1095 1595 1222 1664 domini
1244 1597 1350 1666 nostri
1374 1597 1471 1666 ihesu
1492 1598 1609 1666 christi

248 1700 492 1790 omnipotentis
518 1699 571 1767 dei
601 1707 635 1766 et
666 1706 784 1765 sancte
814 1698 934 1766 matris
959 1699 1101 1767 ecclesie
1127 1709 1161 1768 et
1191 1711 1356 1786 quantum
1387 1703 1611 1772 committitur

249 1808 398 1878 humane
420 1815 573 1874 creature
596 1803 819 1872 maledicatur
840 1811 875 1870 et
897 1803 992 1872 illam
1015 1805 1288 1874 maledictionem
1310 1829 1411 1894 quam
1432 1817 1530 1895 pater
1547 1810 1609 1878 sub

249 1922 419 2000 potestate
456 1911 558 1979 habet
596 1909 631 1977 in
668 1909 776 1976 filium
811 1908 930 1976 mereri
963 1910 1099 1978 valeant
1136 1920 1170 1978 et
1208 1913 1402 1980 eternaliter
1438 1913 1609 2001 possidere

250 2018 442 2086 Faciendus
470 2015 548 2082 inde
578 2014 690 2082 dictus
716 2013 913 2100 capellanus
939 2024 972 2082 et
1000 2015 1051 2102 suj
1084 2037 1297 2084 successores
1323 2017 1440 2086 diuina
1466 2019 1609 2088 seruicia

250 2147 289 2192 ac
306 2123 465 2208 suffragia
481 2125 524 2190 ad
539 2121 706 2208 prelatum
726 2121 833 2187 altare
851 2143 912 2206 pro
926 2121 1161 2191 fundatoribus
1177 2132 1210 2190 et
1226 2123 1406 2193 animabus
1424 2125 1610 2212 prenotatis

248 2239 383 2299 tantum
402 2250 462 2316 pro
478 2227 570 2296 omni
589 2225 656 2294 alio
675 2225 818 2294 seruieio
834 2226 977 2294 seculari
995 2227 1175 2296 exaccione
1191 2250 1250 2296 seu
1269 2230 1436 2298 demanda
1452 2252 1516 2317 que
1531 2231 1609 2299 inde

249 2335 336 2421 exigi
348 2333 471 2422 poterit
484 2343 543 2400 aut
555 2331 676 2418 requiri
691 2333 834 2418 Insuper
845 2330 874 2398 si
887 2330 1061 2418 contingat
1073 2331 1201 2400 dictum
1214 2334 1427 2420 capellanum
1439 2335 1474 2402 in
1486 2335 1610 2405 diuinis

249 2439 417 2526 suffragiis
431 2460 491 2526 per
508 2437 732 2524 quadraginta
747 2437 819 2505 dies
839 2437 1019 2505 continuos
1039 2439 1181 2506 delicere
1201 2449 1235 2508 et
1253 2440 1296 2508 ab
1314 2443 1432 2509 eodem
1453 2443 1552 2512 altari
1573 2465 1610 2510 se

249 2548 427 2615 absentare
456 2542 522 2609 nisi
559 2541 603 2608 sit
640 2561 744 2610 causa
781 2539 980 2627 egritudinis
1010 2541 1083 2609 sine
1112 2541 1251 2629 speciali
1280 2543 1423 2612 licencia
1452 2546 1518 2632 mej
1550 2556 1609 2615 aut

249 2652 410 2720 heredum
433 2669 585 2716 meorum
608 2657 691 2716 tunc
714 2646 844 2716 licitum
869 2647 932 2716 erit
952 2647 1052 2718 nobis
1074 2647 1178 2716 alium
1203 2651 1372 2736 ydoneum
1396 2651 1609 2737 capellanum

249 2765 443 2844 presentare
457 2763 492 2822 et
508 2753 645 2822 domino
667 2761 784 2821 nostro
806 2753 965 2840 episcopo
988 2754 1210 2822 aberdonensi
1233 2757 1375 2824 eandem
1398 2767 1515 2825 nostro
1537 2780 1609 2845 pre·

249 2869 384 2930 scutato
408 2859 558 2928 conferre
585 2859 632 2926 Et
657 2879 721 2944 ego
746 2879 826 2926 vero
847 2858 960 2927 dictus
982 2859 1085 2931 dauid
1109 2878 1291 2946 symsoune
1317 2861 1457 2930 heredes
1483 2863 1550 2931 mei
1575 2873 1609 2932 et

250 2965 415 3053 assignati
451 2985 571 3032 omnes
606 2974 641 3032 et
663 2955 831 3051 'singulos
865 2983 998 3033 minues
1027 2966 1180 3034 redditus
1209 2967 1400 3035 antedictos
1429 2989 1506 3035 cum
1538 2970 1610 3036 suis

249 3070 468 3160 pertinenciis
491 3071 621 3157 prefato
647 3071 784 3138 domino
810 3071 912 3142 dauid
942 3093 1003 3158 pro
1031 3081 1105 3140 toto
1130 3081 1284 3160 tempore
1305 3073 1374 3142 vite
1396 3093 1456 3143 sue
1479 3084 1513 3142 et
1538 3076 1610 3143 suis

250 3175 502 3244 successoribus
517 3175 702 3260 capellanis
724 3175 896 3262 perpetuis
916 3162 1067 3245 eiusdem
1091 3177 1126 3244 in
1149 3177 1305 3246 omnibus
1320 3188 1354 3245 et
1370 3201 1429 3264 per
1443 3181 1557 3248 omnia
1572 3191 1608 3249 vt

249 3281 452 3368 premissum
468 3289 520 3348 est
538 3301 598 3366 per
614 3300 735 3348 omnes
756 3289 864 3348 terras
886 3301 927 3349 ac
947 3281 1180 3367 possessiones
1196 3291 1332 3350 nostras
1350 3291 1468 3351 contra
1490 3303 1609 3353 omnes

250 3386 412 3454 mortales
435 3385 723 3454 varentieabimus
752 3385 1021 3472 acquietabimus
1047 3397 1094 3456 et¹
1111 3388 1360 3474 imperpetuum
1391 3387 1609 3460 defendemus

251 3493 291 3558 In
314 3490 412 3560 cuius
431 3489 480 3557 rei
500 3489 735 3558 testimonium
757 3491 906 3576 sigillum
933 3513 1047 3560 meum
1071 3492 1151 3561 huic
1173 3493 1322 3578 presenti
1345 3503 1437 3561 carte
1459 3515 1534 3562 mee
1556 3506 1608 3564 est

249 3615 437 3683 appensum
463 3595 563 3680 Apud
589 3594 727 3664 abirden
747 3597 843 3683 xiiijs
859 3596 914 3665 die
935 3597 1136 3684 septembris
1157 3599 1258 3666 Anno
1278 3597 1405 3666 domini
1428 3597 1608 3667 millesimo

249 3711 343 3769 creeco
370 3698 611 3785 octuagissimo
636 3721 726 3768 nono
752 3721 868 3770 coram
898 3703 1048 3789 prouidie
1073 3712 1108 3770 et
1136 3701 1277 3771 famosis
1305 3701 1387 3770 viris
1414 3701 1533 3771 thoma
1562 3703 1612 3791 lyd

249 3805 435 3894 Wyllelmo
459 3808 652 3875 andersoun
677 3805 790 3876 senior
811 3805 987 3878 Willelmo
1011 3809 1201 3878 andersoun
1224 3807 1335 3876 iunior
1357 3808 1510 3876 Iohanne
1530 3811 1609 3878 blak

249 3913 293 3982 ad
327 3911 459 3980 clauem
496 3909 578 3979 dicti
615 3909 711 3998 burgi
748 3922 943 3980 comorante
976 3914 1167 3984 Alexandro
1204 3913 1342 3982 chamer
1372 3912 1408 3980 in
1441 3913 1609 4000 scbipraw

249 4019 406 4086 duncano
434 4017 565 4104 smytbt
594 4016 696 4086 dauid
721 4019 920 4086 robertsouu
948 4017 1097 4088 Roberto
1122 4015 1314 4086 oucbterles
1342 4017 1461 4086 thoma
1486 4018 1609 4104 lytstar

249 4122 473 4209 burgensibus
510 4121 660 4190 eiusdem
699 4122 796 4210 burgi
834 4123 987 4210 philippo
1024 4123 1176 4192 dunbrek
1213 4123 1403 4191 Alexandro
1441 4123 1606 4192 alansoun

249 4230 380 4298 duobus
394 4227 626 4296 seriandorum
646 4227 797 4296 eiusdem
813 4237 847 4295 et
862 4229 1000 4297 domino
1016 4228 1169 4296 Iohanne
1190 4227 1367 4314 stirueling
1385 4228 1552 4312 presbitro
1567 4249 1607 4297 ac

249 4334 381 4403 notario
396 4333 531 4420 publico
553 4355 631 4402 cum
653 4334 772 4402 multis
793 4333 870 4404 aliis
890 4336 968 4402 Non
989 4333 1203 4405 obstantibus
1218 4333 1393 4422 premissis
1412 4355 1475 4420 ego
1496 4335 1608 4403 dictus

249 4439 352 4510 dauid
371 4459 534 4526 symaoun
549 4439 652 4508 Wolo
672 4440 747 4526 lego
766 4461 806 4509 ac
821 4439 965 4510 fideliter
984 4441 1144 4527 promitto
1159 4443 1248 4528 quod
1263 4439 1496 4509 deficientibus
1514 4440 1607 4509 here·

249 4547 349 4616 dibus
372 4545 534 4614 masculis
557 4547 646 4630 quod
674 4545 733 4613 Ius
757 4555 959 4632 patronatus
981 4547 1109 4633 prefate
1133 4545 1320 4633 capellanie
1350 4543 1441 4613 dicto
1470 4545 1607 4613 domino

249 4651 408 4739 episcopo
423 4649 644 4719 aberdonensi
660 4659 693 4718 et
709 4649 780 4717 suis
795 4649 1047 4719 successoribus
1069 4649 1240 4737 perpetuis
1261 4647 1471 4735 temporibus
1484 4647 1607 4716 futuris

920 4757 943 4805 u
