4490 5990
550 661 712 729 Fmrdalio
732 663 875 750 Angraii
894 663 1067 732 annuam
1088 663 1254 753 wallonis
1275 665 1362 734 chori
1596 671 1638 756 85

273 830 422 916 presenti
457 841 551 902 carte
583 855 658 903 mee
688 833 845 922 Sigillum
877 857 992 906 mcum
1024 846 1058 906 et
1090 837 1210 925 Sigilla
1239 839 1456 925 prouidorum
1487 841 1634 910 virorum

273 935 439 1006 Willelmi
462 937 615 1008 blinseile
637 949 671 1008 et
693 941 826 1010 Andree
849 941 962 1012 cullan
984 945 1127 1012 duorum
1145 944 1348 1014 balliuorum
1370 945 1451 1033 dictj
1476 949 1572 1034 bur.
1595 971 1635 1016 ac

136 1111 142 1142 ἱ
273 1042 430 1112 datorum
456 1044 569 1114 sauine
595 1067 784 1115 annuorum
812 1048 1019 1119 Reddituum
1045 1059 1299 1136 prenotatorum
1323 1049 1432 1119 eidem
1459 1053 1635 1138 capellano

273 1157 354 1216 munt
380 1171 531 1237 appensa
556 1151 604 1218 ix⁰
625 1151 680 1222 die
702 1153 829 1222 mensis
852 1153 1010 1224 Octobris
1032 1157 1132 1224 Anno
1154 1155 1282 1224 domini
1312 1155 1492 1224 millesimo
1523 1159 1635 1246 Quad-

171 1336 173 1344 Α
250 1252 516 1340 'ringentesimo
554 1258 796 1346 octuagesimo
833 1261 937 1330 Sexto
974 1264 1099 1332 Coram
1129 1261 1279 1348 prouidis
1309 1271 1343 1330 et
1372 1261 1525 1330 honestis
1554 1263 1635 1332 viris

273 1359 464 1428 Alexandro
487 1364 565 1432 Mar
588 1363 725 1433 domino
749 1365 851 1436 dauid
873 1367 985 1438 Waus
1013 1365 1140 1435 vicario
1161 1369 1203 1435 de
1226 1367 1320 1435 banii
1347 1367 1501 1435 Iohanne
1524 1369 1635 1437 Waus

273 1460 464 1532 Alexandro
483 1467 558 1536 Red
574 1469 710 1538 Andrea
728 1471 876 1539 branche
898 1471 1041 1558 gilberto
1056 1471 1168 1542 Waus
1191 1471 1306 1540 Dauid
1330 1471 1480 1540 Menaeis
1503 1473 1635 1542 seniore

274 1563 450 1638 Willelnro
471 1571 593 1660 kyntor
615 1573 758 1660 gilberto
785 1577 923 1646 chamer
948 1599 1063 1646 marco
1089 1587 1162 1646 scot
1190 1577 1422 1666 Burgensibus
1444 1579 1635 1650 Alexandro

274 1669 315 1738 de
345 1693 480 1743 camera
509 1677 649 1748 moricio
682 1679 786 1750 bisset
820 1681 997 1750 seriiandis
1029 1703 1070 1752 ac
1098 1681 1236 1751 domino
1267 1683 1420 1752 Iohanne
1450 1685 1635 1774 Stirueling

275 1776 417 1846 Notario
435 1781 574 1852 Publico
589 1785 639 1854 &c

362 1885 504 1956 Summa
518 1887 621 1958 huius
634 1889 821 1978 capellanie
836 1911 914 1960 cum
929 1891 1082 1978 primeua
1096 1889 1300 1962 fundacione
1313 1913 1335 1960 x
1349 1913 1442 1962 marc
1457 1892 1490 1982 vj
1502 1895 1524 1962 d

871 2221 1041 2290 XLVIII.

273 2355 435 2422 Fundalio
455 2357 598 2455 Angusij
618 2359 789 2426 adanuonn
813 2361 979 2448 capellanis
1003 2357 1090 2428 chori
1114 2359 1184 2447 clinj
1208 2359 1340 2447 nicolaii
1364 2359 1401 2428 da
1425 2361 1571 2428 abirdana
1592 2363 1636 2428 ad

404 2461 503 2529 altare
533 2463 644 2530 Sancli
672 2463 831 2531 michaelis
860 2466 896 2532 in
925 2465 1031 2532 cadam
1059 2463 1184 2532 ccclesia
1213 2465 1249 2530 dc
1277 2464 1356 2552 xxxj
1383 2464 1491 2532 solidis
1516 2473 1545 2532 cl
1570 2473 1634 2532 oclo

404 2566 541 2635 dcnmriis
567 2568 786 2636 distribuendis
806 2577 865 2658 per
889 2569 1082 2658 capellanum
1111 2568 1223 2635 altaris
1247 2568 1349 2636 sancti
1369 2567 1528 2637 michaelis
1553 2567 1636 2636 inter

403 2673 575 2760 capellanos
597 2673 684 2761 cborj
704 2673 775 2762 dinj
795 2674 926 2762 nicolaij
947 2675 984 2742 da
1005 2673 1151 2742 abirdmc

360 2815 548 2884 MNIBUS
568 2815 656 2882 hanc
676 2817 815 2884 Cartarn
833 2813 957 2882 visuris
974 2815 1027 2882 vel
1048 2812 1213 2882 audituris
1235 2811 1406 2899 Angusius
1426 2815 1634 2883 adamesoun

402 2919 578 3006 burgensis
607 2920 703 3008 burgi
732 2924 774 2989 de
799 2921 967 2990 Abirdene
992 2921 1138 2988 salutem
1168 2920 1203 2988 in
1229 2919 1365 2988 domino
1392 2919 1633 3007 sempiternam

274 3022 399 3092 Sciatis
414 3045 469 3093 me
484 3047 561 3092 cum
577 3045 745 3094 consensu
760 3036 794 3094 et
813 3049 955 3096 assensu
975 3025 1142 3096 sanissimi
1158 3025 1224 3094 mei
1240 3025 1374 3112 nepotis
1390 3027 1554 3094 Iohannis
1572 3028 1631 3114 filij

275 3127 438 3196 Iohannis
460 3131 667 3198 adamesoun
687 3130 821 3198 heredis
841 3131 909 3198 mei
929 3129 1124 3218 apparentis
1145 3129 1279 3198 dedisse
1300 3129 1509 3198 concessisse
1527 3131 1633 3217 assig-

273 3255 374 3300 nasse
398 3243 432 3302 et
458 3233 523 3302 hac
545 3233 692 3322 presenti
716 3245 810 3304 carta
830 3257 907 3305 mea
925 3236 1144 3304 confirmasse
1166 3236 1229 3304 deo
1252 3244 1285 3302 et
1309 3233 1504 3302 beatissime
1528 3235 1633 3304 marie

272 3336 392 3422 virgini
423 3337 496 3406 eius
524 3338 678 3425 genitrici
708 3349 742 3406 et
772 3340 929 3408 omnibus
963 3339 1092 3408 sanctis
1121 3359 1162 3408 ac
1191 3337 1290 3406 altari
1328 3337 1419 3406 beati
1456 3337 1633 3406 michaelis

273 3441 466 3530 archangeli
490 3443 616 3511 situato
631 3443 665 3510 in
681 3444 825 3514 ecclesia
847 3443 1033 3531 parochiali
1048 3442 1138 3514 beati
1154 3441 1289 3528 nicolaij
1314 3441 1410 3528 burgi
1433 3442 1575 3528 predicti
1598 3453 1632 3511 et

273 3547 448 3632 capellano
472 3547 596 3616 ibidem
617 3547 732 3616 diuina
756 3549 941 3617 celebranti
963 3559 997 3616 et
1020 3571 1081 3635 pro
1103 3557 1266 3635 perpetuo
1286 3546 1495 3616 celebraturo
1517 3549 1632 3613 Vnum

272 3675 423 3722 annuum
441 3656 610 3724 redditum
624 3655 893 3744 vigintiquinque
909 3655 1092 3724 solidorum
1107 3653 1234 3724 usualis
1250 3662 1385 3720 monete
1400 3653 1583 3721 leuandum
1599 3663 1632 3720 et

272 3761 439 3829 exiturum
455 3762 632 3830 annuatim
648 3765 690 3830 de
705 3765 852 3849 quadam
867 3772 958 3830 terra
974 3763 1111 3830 Iacente
1132 3781 1173 3828 ex
1193 3769 1289 3846 parte
1308 3757 1433 3827 boreali
1448 3757 1513 3826 vici
1529 3757 1632 3826 castri

272 3864 352 3934 dicti
376 3865 472 3952 burgi
494 3866 583 3934 inter
604 3877 730 3934 terram
752 3866 916 3936 Iohannis
938 3867 1017 3936 blak
1032 3887 1072 3934 ex
1087 3874 1184 3952 parte
1206 3862 1361 3932 orientali
1384 3885 1425 3929 ex
1448 3871 1544 3948 parte
1565 3883 1633 3930 vna

271 3980 305 4038 et
328 3980 453 4040 terram
477 3975 647 4058 quondam
672 3973 810 4059 Robertj
835 3975 877 4040 de
899 3973 1054 4042 buchane
1072 3993 1113 4038 ex
1131 3979 1226 4056 parte
1249 3967 1458 4056 occidentali¹
1473 3989 1515 4034 ex
1537 3977 1632 4052 parte

272 4075 380 4142 altera
401 4079 451 4144 Ae
473 4097 577 4166 vnum
600 4098 752 4146 annuum
774 4077 943 4174 redditum
966 4099 1026 4144 sex
1049 4075 1233 4144 solidorum
1259 4084 1292 4142 et
1316 4082 1394 4142 octo
1416 4070 1631 4140 denariorum

271 4177 439 4248 exiturum
457 4181 566 4250 eciam
588 4183 766 4252 annuatim
788 4185 830 4250 de
853 4185 999 4268 quadam
1017 4192 1108 4250 terra
1129 4183 1267 4248 Iacente
1289 4179 1324 4246 in
1347 4179 1382 4264 ly
1396 4177 1551 4247 buthraw
1565 4177 1631 4263 vicj

210 4335 225 4340 -
271 4283 441 4354 furcarum
465 4287 546 4354 dicti
568 4287 664 4374 burgi
682 4288 770 4356 inter
785 4299 910 4356 terram
935 4287 1098 4374 Stephanj
1125 4287 1299 4354 Iohnsoun
1315 4293 1467 4369 exparte
1490 4283 1631 4352 australi

271 4409 312 4456 ex
323 4400 419 4475 parte
431 4413 498 4460 vna
509 4403 543 4460 et
555 4403 680 4462 terram
698 4393 862 4462 Iohannis
873 4395 915 4461 de
927 4393 1049 4480 kyntor
1061 4414 1102 4459 ex
1112 4401 1208 4478 parte
1224 4388 1349 4460 boreali
1361 4397 1509 4474 exparte
1524 4387 1632 4460 altera

271 4494 327 4580 quj
356 4497 459 4583 annuj
486 4499 638 4568 redditus
663 4499 805 4585 predicti
831 4521 868 4566 se
894 4501 1079 4568 extendunt
1106 4499 1149 4566 ad
1175 4517 1345 4564 summam
1370 4491 1511 4578 triginta
1532 4492 1632 4560 vnius

271 4599 454 4670 solidorum
478 4613 511 4672 et
534 4615 611 4674 octo
637 4605 851 4673 denariorum
878 4604 1060 4674 Tenendos
1085 4613 1119 4672 et
1147 4603 1320 4670 habendos
1342 4608 1376 4666 et
1399 4596 1632 4685 percipiendos
