4460 5984
606 705 668 774 150
812 687 1018 776 Confirmatio
1040 687 1135 756 Corte
1156 687 1335 754 Alexandri
1351 687 1512 774 potiorine
1533 689 1570 756 de
1591 688 1756 756 Mmedinis

607 861 723 948 marcij
741 861 840 930 Anno
855 859 982 948 dominj
1001 859 1181 928 millesimo
1196 858 1529 946 quadringentesimo
1549 859 1828 947 quinquagesimo
1846 871 1968 930 octauo

604 966 749 1036 testibus
778 965 901 1036 ibidem
940 965 1153 1053 presentibus
1182 964 1319 1032 domino
1349 963 1522 1032 cristolero
1551 965 1690 1034 bolland
1720 965 1896 1052 capellano
1925 968 1968 1035 de

603 1071 796 1159 drumlethy
814 1082 847 1140 et
872 1071 1024 1140 Iohanne
1046 1070 1221 1158 petkarine
1243 1071 1345 1139 fratre
1368 1093 1444 1140 meo
1462 1069 1638 1140 carissimo
1659 1073 1737 1160 Qua
1758 1073 1848 1140 lecta
1871 1073 1966 1141 Idem

603 1177 766 1264 magister
785 1177 956 1246 Iohannes
971 1176 1146 1263 inquisiuit
1158 1178 1201 1245 ab
1213 1177 1395 1246 alexandro
1407 1175 1581 1263 petkarine
1593 1177 1731 1246 domino
1743 1179 1785 1246 de
1796 1176 1966 1246 mondinis

604 1295 727 1372 nepote
744 1283 826 1354 dicti
849 1283 1020 1352 alexandri
1043 1286 1085 1353 ad
1108 1283 1311 1352 instanciam
1335 1282 1416 1370 dictj
1445 1283 1597 1370 magistrj
1624 1283 1788 1353 Iohannis
1810 1283 1916 1353 citato
1936 1283 1966 1352 si

603 1389 685 1457 velit
707 1389 834 1474 aliquid
857 1409 1026 1476 apponere
1049 1397 1108 1456 aut
1127 1387 1238 1456 dicere
1258 1397 1376 1458 contra
1399 1387 1526 1457 dictam
1550 1398 1680 1458 cartam
1703 1388 1771 1478 Qui
1793 1388 1966 1477 respondit

605 1497 694 1582 quod
717 1517 785 1564 non
808 1494 887 1582 quia
909 1497 995 1564 bene
1017 1493 1212 1582 recognouit
1236 1493 1362 1562 dictam
1386 1503 1515 1563 cartam
1537 1494 1720 1581 sigillatam
1743 1493 1855 1581 sigillo
1877 1493 1966 1562 alex-

604 1599 700 1669 andri
723 1599 898 1688 petkarine
913 1601 968 1687 auj
986 1600 1037 1687 suj
1055 1604 1104 1669 Ac
1119 1600 1154 1668 in
1170 1599 1313 1687 singulis
1333 1599 1469 1686 punctis
1484 1621 1560 1670 eam
1582 1601 1779 1670 Ratificauit
1794 1610 1829 1668 et
1847 1623 1966 1688 appro-

605 1703 698 1773 bauit
720 1707 862 1772 Necnon
884 1707 926 1774 de
949 1713 1061 1774 cetero
1083 1703 1237 1790 promisit
1260 1705 1391 1772 soluere
1414 1704 1543 1772 dictum
1566 1725 1717 1774 mnuum
1740 1703 1908 1774 redditum
1930 1703 1965 1772 in

604 1813 722 1880 eadem
739 1819 833 1880 carta
848 1819 1045 1880 contentum
1069 1810 1198 1896 prefato
1221 1809 1384 1897 magistro
1406 1809 1550 1896 Iohannj
1571 1819 1606 1878 et
1625 1809 1695 1878 suin
1714 1808 1966 1879 successoribus

606 1915 778 2002 magistris
799 1925 833 1984 et
857 1915 1042 2002 capellanis
1065 1916 1147 1984 dicti
1174 1916 1352 2002 hospitalis
1376 1919 1476 1987 quta
1497 1917 1567 1986 vim
1589 1917 1731 1986 sormam
1754 1927 1788 1984 et
1812 1926 1964 1986 tenorem

604 2031 697 2090 carte
723 2021 997 2092 mortificacionis
1024 2021 1179 2108 Supremj
1207 2021 1335 2090 domini
1365 2022 1471 2091 nostri
1497 2021 1587 2109 regis
1612 2025 1654 2092 de
1679 2032 1713 2092 et
1744 2043 1845 2109 super
1873 2021 1965 2090 dicto

604 2148 719 2196 annuo
733 2127 865 2196 redditu
884 2149 943 2195 sex
965 2149 1154 2196 mercatum
1177 2128 1268 2196 dicto
1291 2129 1450 2216 hospitali
1473 2129 1663 2216 pertinente
1678 2138 1760 2198 tunc
1777 2131 1817 2196 In
1835 2125 1965 2196 Iudicio

604 2253 664 2318 per
678 2231 806 2300 dictum
819 2232 1019 2319 magistrum
1032 2233 1220 2302 Iohannem
1236 2236 1299 2302 sub
1315 2257 1440 2321 magno
1456 2235 1566 2322 sigillo
1578 2235 1660 2304 dicti
1676 2233 1823 2322 supremj
1836 2229 1965 2302 domini

604 2334 710 2404 nostri
722 2335 811 2422 regis
824 2337 1026 2422 productum
1043 2340 1187 2425 Insuper
1199 2340 1294 2407 Idem
1306 2339 1488 2408 alexander
1502 2339 1537 2406 in
1549 2328 1723 2426 presencia
1740 2337 1868 2408 Iudicis
1881 2338 1964 2406 late·

604 2443 704 2510 batur
725 2463 762 2510 se
784 2443 904 2510 debere
926 2441 1077 2529 predicto
1100 2443 1263 2530 magistro
1284 2442 1428 2529 Iobannj
1453 2445 1495 2512 de
1517 2443 1671 2512 terminis
1693 2441 1862 2530 preteritis
1882 2441 1965 2512 dicti

604 2547 708 2634 annuj
721 2547 872 2616 redditus
883 2547 1128 2636 quinquaginta
1143 2551 1228 2620 duos
1243 2549 1369 2618 solidos
1384 2557 1520 2618 monete
1536 2548 1646 2618 scocie
1662 2550 1774 2636 Quam
1793 2569 1964 2618 summam

603 2654 733 2740 prelato
748 2653 910 2741 magistro
926 2655 1070 2741 Iohannj
1088 2656 1219 2728 soluere
1233 2677 1274 2724 ac
1289 2655 1353 2724 sibi
1365 2655 1400 2724 in
1412 2654 1581 2724 solutione
1595 2654 1677 2724 dicti
1692 2653 1796 2740 annuj
1813 2653 1965 2722 redditus

603 2761 648 2828 ad
662 2759 825 2827 terminos
840 2759 875 2826 In
887 2769 982 2828 carta
997 2759 1226 2847 suprascripta
1241 2769 1421 2830 contentos
1435 2781 1552 2847 parere
1567 2759 1602 2828 in
1616 2758 1739 2828 futuris
1753 2757 1962 2844 temporibus

603 2863 738 2934 obedire
754 2865 850 2933 Idem
866 2863 1024 2934 dominus
1040 2865 1145 2934 Iudex
1160 2865 1288 2937 dIctum
1303 2865 1533 2942 Alexandrum
1549 2865 1612 2932 sub
1630 2885 1717 2950 pena
1735 2861 1963 2930 excommuni-

603 2967 748 3038 cationis
771 2969 902 3038 monuit
925 2969 1130 3057 et'precepit
1153 2973 1262 3058 Super
1284 2971 1406 3058 quinus
1426 2969 1584 3040 omnibus
1598 2979 1632 3036 et
1648 2967 1791 3054 singulis
1813 2967 1963 3054 prelatus

604 3073 767 3160 magister
789 3074 961 3144 Iohannes
983 3098 1004 3144 a
1026 3097 1081 3144 me
1102 3075 1234 3144 notario
1255 3077 1389 3164 publico
1412 3075 1602 3162 subscripto
1622 3073 1686 3144 sibi
1701 3074 1772 3160 fierj
1790 3073 1962 3160 publicum

605 3182 874 3248 Instrumentum
896 3181 984 3249 Acta
1007 3192 1104 3250 erant
1126 3183 1189 3250 hec
1212 3183 1246 3250 in
1271 3203 1405 3252 camera
1428 3182 1545 3269 prelatj
1570 3179 1698 3250 domini
1724 3177 1852 3248 Iudicis
1877 3177 1963 3248 inne

603 3287 747 3374 burgum
759 3287 801 3354 de
812 3285 998 3374 edinburgh
1010 3290 1073 3357 sub
1085 3309 1175 3359 anno
1187 3289 1241 3362 die
1253 3309 1370 3356 mense
1383 3287 1573 3358 Indictione
1584 3296 1618 3354 et
1630 3285 1829 3374 pontificatu
1840 3284 1963 3372 quibus

603 3411 706 3477 supra
731 3389 945 3477 presentibus
969 3391 1094 3464 ibidem
1118 3393 1367 3468 venerabilibus
1391 3393 1473 3462 viris
1499 3395 1624 3462 Iacobo
1651 3393 1772 3478 Rynde
1797 3392 1839 3460 de
1865 3391 1961 3476 brop-

603 3497 723 3566 moutb
751 3497 957 3568 Archibaldo
990 3501 1080 3570 Rate
1109 3499 1247 3569 domiuo
1278 3500 1397 3570 thoma
1430 3501 1533 3585 mvdy
1562 3500 1737 3587 capellano
1766 3507 1800 3566 et
1830 3495 1962 3566 notario
2068 3500 2073 3509 '

602 3601 737 3688 publico
751 3603 896 3674 testibus
910 3605 954 3674 ad
969 3605 1134 3692 premissa
1148 3605 1280 3676 vocatis
1293 3605 1419 3692 pariter
1433 3615 1467 3673 et
1482 3605 1610 3691 rogatis
1624 3615 1678 3672 etc
1693 3612 1748 3672 etc

733 3797 779 3864 Et
795 3817 858 3883 ego
872 3795 1029 3884 georgius
1043 3798 1140 3868 Cotis
1155 3779 1329 3886 presbyter
1352 3797 1587 3866 sanctiandree
1609 3794 1782 3864 dioceseos
1804 3791 1959 3882 publicus

731 3901 933 3972 auctoritate
953 3901 1119 3990 imperiali
1137 3904 1289 3974 notarius
1303 3903 1383 3990 quia
1406 3901 1580 3990 premissis
1594 3899 1752 3969 omnibus
1766 3909 1800 3968 et
1816 3897 1960 3986 singulis

658 4061 684 4104 Ο
730 4008 812 4076 dum
836 4007 885 4077 sic
911 4018 948 4076 ut
974 4009 1181 4095 premittitur
1203 4009 1393 4078 dicerentur
1414 4017 1594 4096 agerentur
1616 4017 1650 4074 et
1672 4006 1790 4074 fierent
1812 4023 1959 4072 unacum

658 4105 684 4222 ξ·
730 4113 975 4200 prenominatis
999 4117 1144 4185 testibus
1169 4139 1309 4203 presens
1334 4115 1468 4202 interluj
1494 4135 1640 4184 vnacum
1666 4112 1797 4182 notario
1823 4110 1959 4198 publico

730 4220 920 4308 subscripto
949 4243 1055 4307 eaque
1081 4222 1196 4292 omnia
1221 4233 1255 4291 et
1285 4221 1419 4310 singula
1448 4219 1596 4290 sicheri
1622 4219 1688 4288 dici
1714 4216 1782 4286 vidi
1812 4215 1896 4302 seiuj
1924 4223 1959 4282 et

658 4349 683 4384 e
729 4325 844 4412 audiuj
861 4327 911 4394 Ac
926 4326 961 4394 in
984 4338 1100 4396 notam
1124 4329 1198 4414 cepi
1222 4330 1369 4416 Ideoque
1391 4330 1456 4397 hoc
1479 4347 1619 4414 presens
1640 4321 1812 4412 publicum
1835 4319 1958 4387 instru-

658 4385 676 4476 Ε
730 4441 883 4500 mentum
899 4453 1003 4502 manu
1018 4433 1157 4504 alterius
1172 4433 1316 4504 fideliter
1336 4434 1499 4521 scriptum
1515 4433 1634 4502 exinde
1649 4428 1777 4515 confecj
1795 4427 1959 4514 signoque

729 4546 763 4604 et
779 4537 916 4606 nomine
930 4539 1017 4606 meis
1031 4539 1140 4608 solitis
1159 4550 1194 4608 et
1214 4539 1386 4608 consuetis
1409 4539 1540 4626 mgnauj
1563 4547 1701 4624 rogatus
1721 4543 1755 4604 et
1777 4531 1960 4619 requisitus

730 4641 763 4708 in
779 4643 881 4710 fidem
897 4653 931 4712 et
946 4644 1179 4716 testimonium
1194 4645 1437 4731 premissorum
