4490 5990
638 679 799 746 Fundano
821 677 975 765 Magistri
995 679 1109 746 Dauid
1129 700 1247 746 maes
1557 701 1617 766 131

261 859 298 917 vt
313 849 515 938 premissum
533 859 585 919 cst
600 871 661 938 per
671 873 790 920 omnes
804 859 913 920 terras
927 861 961 920 et
976 851 1207 938 possessiones
1218 861 1353 920 nostras
1368 861 1487 922 cmtra
1501 875 1620 924 omnes

125 957 137 971 “
260 957 424 1025 mortales
450 957 737 1028 varautizabimus
766 957 1035 1045 acquietabimus
1059 969 1094 1026 et
1122 961 1376 1046 imperpetuum
1401 960 1622 1029 x‹lcierrdemus

202 1099 209 1112 =
263 1063 313 1128 Ill
339 1063 487 1131 CUIUS
511 1062 575 1130 Rei
597 1062 830 1132 testimonium
853 1061 932 1131 huic
954 1062 1102 1150 presenti
1124 1072 1218 1130 carte
1240 1085 1315 1133 mee
1333 1063 1490 1150 Sigillum
1505 1085 1620 1134 meum

259 1177 296 1235 et
318 1167 439 1254 Sigilla
460 1168 708 1239 honorabilium
728 1169 876 1238 virorum
900 1167 1064 1236 lobannis
1086 1165 1238 1236 colisoun
1260 1179 1294 1236 ct
1317 1168 1463 1238 Waltcri
1486 1169 1620 1238 cullane

259 1275 403 1342 duom
430 1275 632 1345 balliuorum
655 1275 806 1344 eiusdem
830 1274 926 1362 burgi
949 1297 989 1344 ac
1011 1273 1140 1344 datoris
1165 1273 1278 1344 sasine
1297 1273 1491 1344 huiusmodi
1513 1275 1618 1346 annui

262 1379 430 1449 Redditus
457 1381 614 1452 rudecim
640 1383 823 1452 solidorum
851 1391 887 1450 ct
916 1391 1004 1450 terre
1032 1389 1209 1468 prenotate
1237 1390 1317 1450 sunt
1346 1401 1498 1469 appensa
1527 1381 1617 1470 apud

258 1489 405 1556 eundem
435 1489 578 1578 burgum
594 1489 733 1577 *Quinto
758 1489 813 1558 die
842 1487 970 1556 mensis
996 1487 1122 1576 Aprilis
1150 1488 1250 1556 Anno
1278 1486 1406 1575 dominj
1436 1487 1618 1558 millesimo

258 1591 531 1680 quingentesimo
560 1595 760 1664 duodecimo
789 1597 914 1664 Coram
943 1593 1093 1681 prouidis
1126 1603 1160 1662 ct
1194 1593 1347 1663 honestis
1374 1593 1457 1664 viris
1491 1597 1617 1665 Iacobo
1636 1605 1741 1662 tolum

257 1699 412 1768 colisoun
441 1699 576 1771 Thomu
605 1701 745 1770 obamer
773 1700 919 1770 dominis
947 1701 1049 1770 dauid
1078 1722 1173 1770 waus
1210 1701 1379 1768 Duucano
1415 1701 1617 1770 marschesll

259 1806 446 1892 capellanis
460 1807 636 1877 Willelmo
653 1807 861 1894 scn'mgeour
875 1817 910 1876 et
924 1808 1059 1875 Andros
1076 1805 1239 1893 naughtie
1254 1807 1289 1874 in
1304 1806 1491 1876 donacione
1505 1807 1618 1876 sasine

259 1913 380 1998 prelati
414 1913 518 1982 annui
552 1911 720 1981 Redditus
748 1912 904 1982 undecim
937 1912 1119 1980 solidorum
1150 1911 1288 1980 henrico
1320 1911 1408 1980 Reid
1437 1912 1619 1982 alexandro

259 2021 366 2088 horne
381 2019 483 2088 dauid
498 2019 600 2088 criste
615 2018 718 2087 dauid
733 2041 858 2106 couper
874 2019 1026 2087 Iohanne
1045 2015 1173 2103 scrogis
1188 2017 1369 2086 aleamdro
1383 2039 1466 2105 gray
1482 2017 1618 2088 luniore

259 2126 483 2212 burgensibus
504 2125 587 2194 dicti
610 2125 707 2212 burgi
721 2125 897 2195 Willelmo
920 2125 1126 2210 scrimgeour
1140 2124 1325 2210 sergeando
1347 2123 1561 2210 presentibus
1582 2125 1618 2192 in

257 2231 448 2300 donacione
461 2231 576 2302 sasine
593 2241 683 2301 terre
704 2231 869 2319 prelibate
891 2233 938 2300 Et
960 2229 1098 2300 domino
1119 2229 1272 2300 Iohanne
1287 2229 1473 2317 Stirueling
1487 2229 1619 2300 notatio

258 2337 395 2423 publico

391 2481 467 2548 Hec
489 2489 541 2550 est
562 2501 641 2548 vera
663 2477 761 2566 copia
777 2479 879 2548 Carte
901 2499 978 2546 cum
1001 2499 1063 2546 suo
1085 2472 1240 2562 originali
1262 2477 1472 2546 concordans
1490 2497 1549 2564 per
1564 2499 1618 2546 me

391 2585 580 2654 Iohannem
596 2583 782 2670 Stirueling
797 2583 940 2651 fideliter
955 2581 1173 2680 collationata
1187 2589 1276 2650 teste
1291 2603 1395 2652 manu
1411 2581 1545 2670 propria

878 2869 1007 2936 LXXI.

625 3010 786 3080 Fsmdatio
806 3009 960 3099 Magistri
980 3009 1095 3078 Dauid
1115 3029 1234 3078 russos
1587 3095 1590 3103 Ι
1636 3021 1742 3079 ulss¹

352 3149 576 3222 OUERINT
598 3147 757 3218 Vniuersi
783 3169 843 3236 per
864 3158 1039 3236 presentes
1066 3150 1139 3216 Nos
1165 3147 1331 3217 Curatum
1353 3155 1388 3214 et
1410 3149 1614 3236 capellanos

395 3257 527 3344 collegij
545 3279 606 3324 ssu
621 3255 714 3324 chori
729 3254 872 3324 ecclesie
887 3254 956 3340 diuj
970 3253 1129 3340 nicholaij
1144 3255 1186 3322 de
1201 3253 1360 3322 abirdene
1371 3275 1434 3322 nos
1445 3255 1613 3343 obligasse

257 3375 355 3456 prout
384 3375 501 3433 tenore
530 3363 742 3451 presencium
769 3383 834 3429 nos
864 3361 1054 3448 obligamus
1089 3369 1124 3427 et
1158 3367 1293 3427 nostros
1329 3379 1541 3427 successores
1577 3361 1613 3428 in

256 3481 456 3562 perpetuum
485 3469 694 3556 temporibus
718 3467 840 3536 futuris
869 3468 912 3534 ad
942 3465 1178 3534 celebrandam
1203 3483 1306 3532 unam
1333 3462 1474 3532 missam
1500 3465 1612 3534 iudei

256 3575 499 3666 omnipotentis
520 3576 656 3645 laudem
679 3583 712 3642 et
734 3573 876 3661 gloriam
899 3571 1075 3642 benedicte
1097 3570 1217 3638 matris
1235 3569 1310 3638 eius
1331 3567 1437 3638 marie
1455 3577 1490 3638 et
1506 3569 1613 3638 totius

257 3683 358 3754 Curis
373 3681 509 3752 celestis
524 3680 617 3750 omni
637 3689 732 3748 sexta
749 3677 831 3747 leria
852 3680 893 3746 de
911 3677 1069 3765 passione
1087 3676 1239 3746 eiusdem
1258 3674 1404 3762 gloriose
1421 3673 1562 3761 virginis
1576 3673 1612 3742 in

256 3791 474 3860 subterranea
492 3786 636 3856 ecclesia
659 3787 702 3854 ad
725 3785 831 3853 altare
853 3785 951 3852 beate
973 3782 1079 3852 marie
1097 3785 1139 3851 de
1161 3781 1288 3870 pietate
1303 3781 1353 3848 'ln
1371 3779 1560 3848 intentione
1577 3789 1612 3848 et

255 3917 316 3984 pro
338 3893 452 3964 anima
474 3892 581 3961 nostri
604 3889 782 3960 confratris
803 3889 956 3976 magistri
982 3888 1085 3958 dauid
1108 3887 1257 3955 menzeis
1278 3885 1458 3954 animabus
1478 3883 1612 3972 gilberti

256 4023 393 4072 menzes
410 3999 566 4070 marion'e
585 3999 733 4068 Chamer
755 4017 815 4065 sue
831 3995 945 4065 uxoris
962 4015 1168 4080 suorumque
1189 4001 1369 4079 parentum
1386 3988 1612 4076 consanguin-

255 4129 371 4176 eorum
391 4105 609 4174 fundatorum
630 4111 664 4170 et
687 4101 938 4172 benefactorum
961 4119 1103 4186 quorum
1119 4096 1341 4183 quouismodo
1355 4092 1553 4162 debitorem
1568 4095 1612 4161 ad

255 4211 522 4282 satisfactionem
546 4209 733 4277 secundum
760 4205 1010 4275 misericordem
1038 4203 1102 4272 Dei
1129 4201 1399 4288 acceptationem
1424 4220 1484 4286 per
1505 4219 1611 4266 vnum

254 4321 296 4396 de
311 4316 437 4386 nostris
452 4315 675 4386 confratribus
690 4313 821 4399 collegij
840 4333 899 4380 seu
918 4309 1012 4380 chori
1031 4307 1257 4377 residentibus
1272 4316 1306 4374 et
1322 4307 1410 4391 quod
1426 4301 1609 4388 celebrantj

254 4423 398 4492 satisfiat
414 4423 449 4490 in
468 4443 573 4491 manu
587 4431 621 4488 et
642 4420 726 4490 nulli
742 4417 839 4488 alteri
857 4419 898 4486 de
914 4425 1058 4503 quatuor
1072 4413 1219 4484 denariis
1239 4421 1273 4480 et
1295 4410 1466 4478 residuum
1481 4407 1610 4494 vigenti

249 4527 437 4598 solidorum
453 4527 657 4596 annuatim*
680 4523 870 4594 seruabitur
891 4524 935 4592 ad
949 4519 1131 4590 utilitatem
1145 4515 1401 4588 communitatis
1417 4515 1470 4580 Eo
1492 4523 1526 4579 et
1549 4533 1609 4598 pro

315 4663 901 4719 *tnumuoevertsminsutussrsnnc
935 4653 1542 4724 visumensemortmmpuuucorum.
