4472 5992
363 1413 516 1466 Austruthcr

584 711 624 778 16
875 709 1067 774 Onmmenta
1088 707 1179 774 uaria
1201 707 1338 774 Ecclesia
1360 706 1471 774 Sancti
1492 705 1645 776 Nicholai

583 883 670 952 siam
686 881 919 969 parochialem
938 882 979 948 de
998 880 1166 966 completo
1182 879 1386 948 vestimento
1405 880 1606 949 sacerdotali
1626 883 1667 948 de
1681 881 1815 949 velueto
1834 880 1947 950 biauio

583 987 698 1073 magni
729 987 830 1074 precij
859 988 1021 1055 deaurato
1047 1007 1148 1071 super
1172 985 1212 1052 le.
1231 985 1348 1052 orfrois
1375 1008 1415 1054 ac
1441 986 1549 1054 eciam
1576 985 1654 1072 alijs
1678 986 1879 1054 utensilibus
1903 990 1945 1056 ad

583 1093 699 1160 diuina
722 1090 1001 1160 conuenientibus
1024 1091 1130 1159 Cuius
1153 1089 1302 1158 animam
1327 1092 1410 1158 deus
1430 1113 1490 1177 pro
1511 1113 1573 1158 sua
1596 1091 1722 1178 pietate
1741 1094 1784 1159 ad
1802 1093 1944 1178 gloriam

585 1199 745 1286 perducat
770 1206 921 1264 eternam
945 1209 950 1220 ·

672 1408 729 1491 [A]
738 1428 807 1474 nno
839 1405 966 1474 domini
1002 1405 1185 1474 Millesimo
1217 1406 1447 1474 tricentesimo
1485 1407 1764 1494 quinquagesimo
1798 1411 1946 1476 secundo

586 1513 757 1581 Iohannes
785 1513 827 1580 de
856 1513 1041 1598 Anstroyer
1071 1511 1246 1597 burgensis
1281 1511 1361 1580 dieti
1400 1512 1495 1598 burgi
1533 1513 1666 1581 ornauit
1698 1515 1805 1582 altare
1837 1514 1945 1582 sancti

586 1618 743 1687 Nicholai
770 1621 812 1686 de
836 1618 994 1704 ymagine
1021 1627 1138 1685 sancte
1166 1617 1271 1696 marie
1298 1639 1398 1704 super
1428 1641 1589 1704 magnum
1616 1618 1723 1686 altare
1749 1620 1877 1687 situata
1905 1641 1946 1686 cx

585 1735 680 1812 parte
710 1724 835 1792 boreali
865 1723 1026 1790 antedicti
1054 1723 1171 1790 altaris
1197 1723 1303 1790 Cuius
1333 1724 1445 1791 anime
1472 1723 1676 1810 propicietur
1701 1725 1784 1792 deus
1810 1733 1843 1792 et
1870 1745 1946 1792 eam

586 1833 747 1919 perducat
771 1832 814 1898 ad
836 1829 981 1916 patriam
1006 1829 1170 1897 claritatis
1193 1839 1307 1896 eterne

673 2041 731 2124 [A]
740 2061 808 2108 nno
820 2039 948 2108 domini
961 2039 1143 2107 Millesimo
1154 2039 1384 2108 tricentesimo
1396 2040 1674 2127 quinquagesimo
1686 2041 1791 2108 tercio
1805 2041 1947 2110 honora·

587 2147 665 2218 bilis
682 2146 733 2215 vir
754 2157 787 2214 et
808 2146 958 2212 famosus
982 2147 1127 2214 Iacobus
1147 2148 1188 2212 de
1206 2168 1287 2232 crag
1309 2147 1441 2214 ornauit
1465 2147 1571 2214 altare
1594 2147 1704 2218 sancti
1725 2145 1883 2214 Nicholai
1906 2149 1948 2214 de

588 2275 694 2342 parua
730 2252 888 2340 ymagine
926 2251 1035 2319 sancti
1074 2251 1231 2320 Nicholai
1265 2275 1366 2338 super
1398 2253 1486 2320 idem
1525 2255 1631 2320 altare
1660 2274 1778 2320 versus
1811 2255 1946 2322 boream

588 2359 714 2428 situata
737 2355 843 2426 Cuius
866 2355 978 2426 anime
1001 2355 1193 2425 miseriatur
1214 2359 1297 2426 deus
1320 2369 1353 2426 et
1376 2360 1537 2444 perducat
1561 2360 1603 2426 ad
1626 2357 1767 2444 gloriam

674 2571 732 2653 [Α]
741 2589 809 2635 nno
849 2567 976 2636 domini
1018 2568 1201 2636 Millesimo
1241 2569 1471 2642 tricentesimo
1509 2568 1788 2655 quinquagesimo
1827 2577 1948 2654 quarto

589 2675 722 2744 Nobilis
750 2673 888 2742 domina
911 2685 944 2740 et
969 2673 1093 2740 deuota
1119 2673 1279 2740 cristiana
1306 2677 1347 2740 de
1373 2676 1404 2740 le
1430 2677 1532 2761 bruys
1561 2675 1694 2742 ornauit
1725 2675 1831 2742 altare
1857 2673 1947 2742 beati

589 2777 746 2846 Nicholai
764 2779 806 2844 de
825 2777 930 2844 calice
948 2787 1106 2864 argenteo
1126 2800 1202 2846 cum
1222 2779 1390 2864 lapidibus
1404 2781 1566 2866 preciosis
1584 2781 1695 2848 infixis
1714 2779 1820 2849 Cuius
1835 2781 1948 2848 anime

588 2883 792 2970 propicietur
810 2884 892 2951 deus
911 2883 983 2950 sine
1002 2885 1068 2950 fine
1087 2905 1186 2952 amen

675 3095 810 3178 [A]nno
832 3093 959 3162 domini
984 3093 1166 3162 Millesimo
1189 3094 1418 3164 tricentesimo
1438 3097 1716 3184 quinquagesimo
1739 3096 1857 3182 quinto
1875 3118 1947 3183 pre·

587 3200 679 3268 fatus
700 3199 900 3268 Willermus
922 3202 963 3268 de
986 3200 1068 3267 leith
1093 3211 1175 3268 tunc
1201 3201 1391 3288 prepositus
1417 3203 1498 3270 dicti
1525 3203 1621 3288 burgi
1647 3223 1724 3270 cum
1748 3201 1948 3272 assistencia

588 3313 622 3372 et
649 3303 814 3372 adiutorio
844 3304 1099 3386 communitatis
1129 3303 1278 3372 eiusdem
1310 3307 1398 3391 cepit
1427 3307 1590 3374 fabricare
1619 3307 1759 3374 chorum
1786 3317 1948 3393 exparte

589 3409 729 3478 australi
756 3409 854 3477 nauis
883 3410 1024 3478 ecclesie
1056 3414 1239 3478 extendens
1266 3415 1309 3480 ab
1335 3413 1433 3480 altari
1460 3413 1569 3480 sancti
1594 3413 1744 3480 leonardi
1773 3414 1947 3498 usquead

588 3513 832 3581 occidentalem
855 3513 957 3582 finem
976 3517 1028 3583 Ad
1052 3537 1153 3601 quam
1172 3537 1250 3584 vero
1270 3517 1431 3585 fabricam
1455 3519 1496 3585 de
1519 3517 1616 3586 bonis
1638 3515 1782 3604 pr'oprijs
1804 3517 1947 3584 contulit

589 3617 812 3703 quadraginta
837 3617 940 3687 libras
971 3621 1017 3687 Et
1047 3621 1217 3690 residuum
1244 3643 1322 3689 vero
1352 3643 1574 3708 expensarum
1605 3624 1767 3691 collatum
1796 3622 1858 3690 tuit
1889 3643 1948 3708 per

589 3721 868 3790 communitatem
893 3725 939 3790 Et
962 3723 1073 3792 dietus
1095 3725 1295 3793 Willermus
1318 3726 1455 3794 tradidit
1479 3737 1512 3794 et
1535 3727 1661 3812 legauit
1684 3726 1719 3792 in
1741 3734 1948 3795 testamento

589 3847 649 3894 sue
664 3826 781 3894 ultime
792 3827 977 3896 voluntatis
989 3832 1031 3896 ad
1043 3830 1204 3899 fabricam
1221 3830 1313 3899 chori
1330 3831 1472 3900 borealis
1488 3833 1577 3900 dicte
1588 3831 1792 3918 parochialis
1806 3831 1947 3899 ecclesie

545 3995 549 4002 .
589 3932 813 4018 quadraginta
831 3934 934 4002 libras
949 3938 991 4003 ad
1007 3937 1109 4004 finem
1125 3959 1189 4023 que
1205 3959 1264 4024 per
1279 3941 1416 4006 modum
1433 3939 1525 4007 chori
1542 3939 1700 4007 australis
1716 3938 1934 4007 fabricaretur

676 4143 734 4226 [A]
742 4163 810 4210 rmo
833 4143 960 4212 domini
985 4143 1167 4212 Millesimo
1188 4147 1419 4215 tricentesimo
1440 4147 1718 4234 quinquagesimo
1737 4157 1832 4215 sexto
1852 4149 1947 4214 Idem

590 4247 789 4316 Willermus
807 4251 848 4316 de
867 4249 949 4316 leith
973 4253 1206 4337 augmentauit
1229 4254 1368 4322 chorum
1392 4257 1490 4322 beate
1504 4255 1643 4341 virginis
1666 4253 1771 4322 marie
1789 4254 1823 4320 in
1842 4255 1947 4339 longi·

589 4353 706 4420 tudine
732 4375 849 4427 versus
875 4365 1026 4424 austrum
1054 4379 1114 4443 per
1139 4359 1290 4445 spacium
1318 4359 1486 4429 sexdecim
1511 4363 1635 4446 pedum
1661 4369 1695 4427 et
1721 4359 1767 4428 ibi
1793 4359 1947 4428 fundauit

590 4458 696 4524 altare
726 4460 900 4560 beatorum
939 4461 1098 4550 laurencij
1130 4475 1163 4531 et
1195 4465 1334 4533 Niniani
1364 4489 1404 4533 ac
1434 4468 1567 4534 ornauit
1597 4467 1679 4534 illud
1710 4467 1751 4532 de
1781 4466 1947 4532 dictorum

590 4575 784 4632 sanctorum
810 4567 1025 4653 ymaginibus
1055 4591 1155 4655 super
1180 4571 1268 4638 idem
1296 4572 1402 4638 altare
1429 4572 1564 4640 situatis
1586 4575 1634 4640 Ac
1661 4570 1768 4640 eciam
1796 4572 1838 4640 de
1863 4571 1948 4638 libro

590 4671 719 4740 missali
740 4683 772 4740 et
793 4675 957 4743 breuiario
980 4677 1063 4745 bene
1086 4679 1244 4747 litteratis
1259 4689 1292 4747 et
1309 4679 1436 4747 notatis
1457 4701 1497 4748 ac
1516 4679 1557 4746 de
1577 4677 1719 4746 diuersis
1737 4675 1949 4744 vestimentis
