4472 5992
1156 649 1351 740 Fragmenta

1206 951 1208 955 ,
1235 881 1275 950 Η

350 1045 394 1102 rot
410 1045 458 1100 w
577 1025 922 1190 Vmwssusls]
941 1027 984 1097 ad
1008 1047 1093 1113 quos
1116 1035 1291 1113 presentes
1314 1025 1425 1094 littere
1446 1035 1670 1113 peruenerunt
1697 1025 1867 1094 Iohannes
1891 1028 1932 1094 de
1973 976 1979 992 .

1149 1129 1287 1216 [kyntor
1300 1149 1388 1198 unus
1403 1128 1581 1199 balliorum
1597 1129 1693 1216 burgi
1709 1131 1750 1197 de
1766 1131 1931 1198 aberdene

577 1283 585 1304 .
628 1285 636 1302 .
680 1286 688 1303 .
732 1233 789 1324 qui
810 1245 862 1306 est
882 1234 1035 1306 omnium
1050 1255 1130 1304 vera
1145 1235 1249 1304 salus.
1273 1234 1361 1324 Quia
1376 1233 1469 1322 pium
1490 1244 1542 1304 est
1559 1243 1592 1304 et
1609 1235 1818 1304 meritorium
1834 1236 1932 1304 fidele

1143 1399 1147 1409 .
1495 1341 1742 1426 [testimonium
1759 1341 1932 1429 perhibere

576 1499 583 1515 .
629 1499 636 1514 .
681 1499 687 1514 .
732 1499 738 1514 .
795 1469 859 1534 que
875 1445 1130 1536 perofficiarios
1144 1445 1272 1516 donnini
1288 1445 1393 1514 nostri
1414 1446 1518 1534 Regis
1534 1469 1596 1515 sua
1614 1447 1723 1516 officia
1738 1455 1933 1516 exercentes

576 1605 582 1620 .
628 1604 635 1620 .
680 1603 687 1620 .
731 1605 738 1620 .
777 1553 951 1623 (iilbertus
967 1553 1128 1638 menzhes
1142 1552 1318 1640 burgensis
1333 1551 1414 1622 dicti
1430 1552 1526 1640 burgi
1542 1552 1576 1620 in
1593 1552 1659 1620 mei
1674 1563 1708 1620 et
1724 1553 1931 1622 diversorum

577 1713 584 1727 .
628 1711 634 1726 .
681 1709 687 1724 .
732 1659 981 1746 ‚personaliter
995 1658 1203 1755 constitutus
1218 1657 1253 1726 in
1269 1657 1562 1748 aprncntacionem
1578 1659 1691 1728 cultus
1706 1657 1809 1728 divini
1825 1668 1858 1728 et
1874 1678 1933 1746 per

576 1815 946 1833 ........
983 1765 1073 1835 beeri
1090 1763 1290 1838 Sebastiane
1306 1764 1453 1834 martiris
1472 1764 1617 1834 Scituati
1633 1764 1667 1832 in
1683 1764 1827 1834 ecclesia
1842 1763 1932 1832 beati

575 1920 894 1938 .......
924 1872 1023 1958 gulos
1038 1893 1171 1942 annuos
1187 1871 1354 1941 Redditus
1369 1873 1411 1940 de
1426 1869 1524 1938 terris
1539 1870 1761 1958 infrascriptis
1776 1872 1931 1940 videlicet

576 2025 895 2044 .......
931 1977 1018 2044 inter
1032 1987 1159 2050 terram
1176 1977 1338 2063 Iohannis
1353 1979 1477 2046 andree
1492 1977 1669 2062 burgensis
1684 1977 1764 2046 dicti
1780 1979 1876 2066 burgi
1892 1999 1933 2046 ex

576 2131 946 2150 ........
1001 2083 1134 2170 gilberti
1145 2085 1266 2172 Waup
1276 2105 1317 2154 ex
1327 2093 1427 2170 ‚parte
1442 2082 1643 2152 occidentali
1659 2106 1699 2152 ex
1715 2093 1810 2170 parte
1825 2086 1932 2152 altera

577 2237 998 2256 .........
1001 2267 1004 2272 ,
1058 2189 1198 2277 triginta
1214 2189 1361 2276 quinque
1380 2189 1505 2260 solidos
1520 2189 1656 2258 usuales
1672 2199 1807 2258 monete
1822 2189 1933 2258 scocie

578 2341 946 2361 ........
964 2295 1119 2382 jacentes
1134 2295 1168 2362 in
1184 2296 1259 2364 vico
1274 2295 1377 2364 castri
1393 2319 1434 2363 ex
1449 2304 1545 2383 parte
1560 2296 1685 2364 boreali
1700 2295 1765 2363 vici
1781 2296 1932 2364 eiusdem

579 2449 1103 2468 ...........
1154 2423 1203 2486 ax
1224 2411 1319 2490 parte
1334 2423 1401 2469 vna
1416 2411 1449 2470 et
1465 2411 1589 2470 terram
1607 2399 1770 2470 Iohannis
1785 2403 1933 2471 Watson

577 2554 1208 2577 .............
1266 2518 1391 2576 terram
1406 2529 1525 2576 versus
1544 2516 1698 2575 austrum
1714 2505 1832 2594 viginti
1848 2509 1934 2575 duos

575 2661 1206 2680 .............
1231 2611 1265 2682 in
1281 2613 1355 2685 vico
1371 2612 1533 2702 superiori
1549 2611 1690 2682 ecclesie
1705 2611 1794 2680 inter
1808 2623 1932 2680 terram

576 2763 1155 2786 ............
1202 2729 1327 2788 terram
1344 2720 1460 2788 thome
1475 2717 1596 2788 culane
1612 2741 1653 2786 ex
1668 2728 1763 2806 parte
1778 2718 1934 2787 orientali

575 2871 997 2892 .........
997 2897 1002 2908 ,
1041 2874 1048 2890 .
1093 2873 1104 2908 .,
1146 2875 1156 2910 .,
1198 2875 1205 2891 .
1251 2877 1258 2893 .
1302 2876 1308 2891 .
1406 2877 1414 2892 .
1440 2824 1666 2894 etannuatim
1684 2825 1934 2893 ltemdeterra

576 2977 945 2998 ........
944 3003 949 3014 ,
991 2981 998 2998 .
1042 2979 1052 3014 ·.
1094 2979 1101 2998 .
1146 2981 1153 2995 .
1199 2980 1206 2996 .
1251 2981 1258 2996 .
1303 2930 1408 3010 .dicti
1423 2933 1547 3002 andree
1561 2931 1678 2998 thome
1694 2952 1734 2998 ex
1750 2939 1845 3017 parte
1860 2927 1933 3000 occi

576 3081 1102 3103 ...........
1147 3034 1259 3106 oriens
1273 3057 1315 3106 ex
1330 3046 1425 3126 parte
1440 3037 1547 3106 altera
1562 3046 1596 3104 et
1611 3057 1827 3106 communem
1842 3033 1933 3102 viam

577 3191 584 3208 .
627 3189 636 3208 .
678 3189 689 3228 .,
730 3189 737 3206 .
782 3189 789 3206 .
833 3187 841 3206 .
885 3186 892 3206 .
937 3188 947 3226 .,
989 3189 996 3206 .
1041 3189 1048 3206 .
1093 3191 1104 3224 .,
1145 3192 1154 3228 .,
1198 3191 1205 3210 .
1250 3193 1258 3210 .
1301 3193 1308 3210 .
1341 3145 1428 3214 Item
1444 3145 1486 3212 de
1500 3151 1590 3210 terra
1605 3139 1783 3211 Willielmi
1801 3137 1933 3208 Ratteri

576 3293 1207 3316 .............
1211 3295 1218 3334 ,
1252 3297 1259 3316 .
1303 3297 1310 3314 .
1355 3297 1362 3316 .
1393 3257 1544 3334 exparte
1559 3242 1685 3316 boreali
1701 3267 1741 3314 ex
1757 3255 1852 3332 parte
1867 3265 1934 3312 vna

576 3403 583 3420 .
628 3403 635 3420 .
680 3403 687 3420 .
733 3401 740 3419 .
785 3401 793 3422 .
837 3399 844 3436 e
889 3399 1208 3420 .......
1214 3395 1221 3440 .·
1252 3404 1259 3420 .
1318 3353 1408 3424 viam
1424 3353 1551 3440 regiam
1566 3373 1684 3420 versus
1702 3351 1860 3420 occidens
1875 3369 1935 3418 sex

577 3507 584 3524 .
629 3509 636 3525 .
680 3507 688 3546 ·.
732 3505 1260 3526 ...........
1287 3469 1441 3548 esprunt
1459 3461 1632 3528 lucentem
1647 3457 1682 3524 in
1697 3456 1772 3524 vico
1788 3451 1934 3524 inferiori

577 3609 1311 3633 ...............
1339 3563 1494 3634 orientali
1510 3586 1551 3632 ex
1567 3571 1661 3650 parte
1676 3583 1743 3628 vna
1759 3571 1792 3628 et
1809 3569 1932 3626 terram

464 3745 472 3762 ‚
577 3717 1104 3737 ...........
1166 3689 1381 3737 communem
1397 3669 1488 3738 viam
1503 3669 1630 3756 regiam
1646 3689 1764 3734 versus
1779 3673 1933 3732 austrum

577 3819 1310 3842 ...............
1359 3777 1529 3862 quondam
1547 3773 1711 3842 Iohannis
1726 3771 1933 3859 kyninmond

577 3925 947 3946 ........
992 3929 999 3966 ,
1042 3927 1050 3945 .
1095 3928 1102 3944 .
1147 3929 1154 3944 .
1198 3929 1205 3946 .
1251 3929 1258 3966 e
1303 3931 1310 3946 .
1354 3931 1362 3948 .
1406 3931 1414 3947 .
1473 3879 1639 3950 Willelmi
1660 3879 1746 3948 letht
1767 3874 1933 3964 capellani

577 4029 1101 4051 ...........
1147 4033 1154 4072 ,
1198 4032 1205 4052 .
1249 3985 1385 4055 .altera
1400 3994 1434 4054 et
1450 4007 1666 4054 communem
1681 3985 1771 4054 viam
1790 3981 1933 4068 Regiam

577 4135 585 4178 3
628 4135 897 4156 ······
939 4137 948 4176 r
992 4136 1207 4158 .....
1211 4113 1215 4120 ·
1251 4139 1259 4158 .
1303 4141 1310 4158 .
1356 4141 1363 4158 .
1407 4143 1414 4158 .
1474 4091 1603 4160 henrici
1619 4091 1743 4159 sclater
1760 4091 1933 4158 Iacentem

577 4237 894 4258 .......
939 4195 1934 4284 ‚.‚........,parteaustraliexvna

575 4345 583 4390 .·
629 4345 636 4362 ·
679 4345 690 4390 .·
734 4345 740 4362 ·
786 4345 792 4362 ·
837 4345 844 4364 ·
889 4346 897 4362 ·
939 4349 947 4388 .·
990 4348 998 4386 e
1042 4346 1309 4368 ......
1329 4311 1425 4390 parte
1440 4303 1546 4372 altera
1562 4313 1595 4371 et
1611 4322 1827 4371 communem
1842 4301 1933 4368 viam

576 4449 790 4469 .....
835 4408 1932 4498 ¹.,..‚.,......,gusiigenelacentem

574 4553 843 4576 ......
885 4523 1933 4601 50.....,........expartevna

574 4661 1567 4684 ....................
1611 4641 1826 4690 communem
1842 4617 1932 4686 viam
