4460 5984
612 673 676 738 230
963 655 1107 723 Vindicio
1129 663 1206 724 tem
1227 679 1250 724 a
1271 658 1390 726 Curato
1411 665 1440 726 et
1460 659 1627 746 capaelhm's

1259 833 1332 900 CX.
1923 885 1926 892 -

390 951 520 1028 Fundano
700 951 995 1018 ENERABILIS
1007 952 1058 1018 vir
1073 953 1434 1021 dominusWillelmus
1451 954 1701 1040 Elphinstoune
1715 957 1840 1022 Rector
1850 957 1891 1022 de
1903 956 1971 1022 elat

390 1017 534 1148 miii,
740 1057 895 1123 fundauit
905 1079 1007 1124 vnam
1018 1057 1157 1124 missam
1169 1061 1210 1126 de
1219 1059 1333 1143 requie
1342 1053 1577 1128 celebrandam
1588 1061 1632 1126 ad
1641 1060 1748 1126 altare
1757 1059 1971 1144 gloriosevir-

388 1145 586 1278 fffl‘ffln
616 1159 705 1244 ginis
716 1161 821 1227 marie
833 1161 981 1245 qualibet
991 1161 1073 1228 feria
1090 1164 1238 1228 secunda
1253 1163 1425 1247 perpetuis
1439 1162 1647 1248 temporibus
1655 1161 1779 1229 futuris
1790 1183 1850 1248 pro
1861 1163 1971 1230 salute

389 1286 576 1330 auunrectore
616 1267 738 1332 Anime
768 1287 828 1332 sue
858 1267 1049 1334 animarum
1079 1278 1258 1352 parentum
1289 1269 1540 1336 benefactorum
1570 1289 1611 1335 ac
1641 1269 1793 1335 omnium
1820 1268 1969 1335 fidelium

388 1341 571 1460 ffiffffim
616 1372 849 1438 defunctorum
874 1373 939 1438 Pro
962 1394 1028 1457 qua
1051 1374 1217 1458 capellani
1240 1373 1333 1440 chori
1357 1373 1447 1440 beati
1470 1373 1628 1458 nicholaij
1649 1373 1730 1440 dicti
1749 1372 1845 1458 burgi
1868 1373 1970 1438 inico-

387 1473 468 1525 ¹¹²²¹i⁰
615 1480 739 1544 dantur
761 1479 795 1544 in
818 1499 884 1544 vno
907 1499 1019 1545 annuo
1042 1479 1174 1545 redditu
1197 1479 1315 1564 viginti
1340 1479 1521 1547 solidorum
1545 1481 1585 1546 de
1600 1499 1668 1544 vna
1689 1488 1779 1545 terra
1803 1477 1970 1545 anteriore

615 1585 784 1668 quondam
807 1584 940 1648 Andrec
964 1583 1063 1650 ackin
1095 1585 1232 1650 iacente
1261 1583 1296 1650 in
1327 1605 1413 1651 cono
1434 1585 1499 1651 vici
1527 1583 1676 1650 Nauium
1700 1585 1903 1650 ascendente
1926 1585 1969 1650 ad

407 1705 591 1771 'lbencrynee
613 1687 725 1754 vicum
749 1685 852 1752 castri
876 1686 963 1752 inter
985 1695 1110 1751 terram
1133 1686 1265 1772 gilberti
1282 1689 1392 1754 Waus
1414 1689 1455 1752 de
1480 1689 1585 1772 Many
1600 1707 1640 1752 ex
1658 1685 1813 1752 orientali
1828 1694 1862 1751 et
1878 1707 1968 1752 corn-

389 1771 581 1902 ff'ffiffl'
613 1811 750 1857 munem
766 1789 856 1855 viam
872 1787 999 1874 regiam
1011 1809 1130 1854 versus
1145 1787 1302 1854 occidens
1317 1799 1350 1854 et
1366 1799 1491 1855 terram
1508 1788 1626 1854 altaris
1642 1789 1817 1854 beatorum
1834 1786 1968 1872 georgei

386 1903 567 1969 vjwiijmnir
613 1893 761 1960 martiris
783 1903 817 1958 et
840 1891 956 1956 thome
979 1891 1122 1975 apostoli
1146 1911 1262 1957 versus
1285 1891 1420 1958 boream
1443 1899 1476 1956 et
1500 1909 1715 1956 communem
1730 1889 1821 1956 viam
1840 1889 1967 1974 regiam

610 2019 728 2065 versus
743 2006 895 2063 austrum

1236 2169 1329 2236 CXI.

382 2283 427 2336 f⁰¹·
440 2283 488 2337 ⁰³¹
706 2293 896 2362 MNIBUS
919 2293 1007 2360 hanc
1031 2293 1170 2361 Cartam
1186 2293 1308 2359 visuris
1322 2293 1375 2360 vel
1398 2292 1563 2360 audituris
1585 2293 1733 2360 Curatus
1748 2302 1781 2358 et
1797 2291 1964 2378 capellani

748 2398 841 2466 chori
856 2397 997 2465 ecclesie
1012 2397 1230 2482 penochialis
1246 2397 1340 2482 burgj
1358 2397 1399 2464 de
1410 2397 1581 2464 Abirdenn
1598 2398 1762 2464 Etemam
1778 2396 1812 2462 in
1828 2397 1965 2464 domino

610 2502 762 2568 Salutem
780 2501 953 2569 Noueritis
967 2523 1030 2568 nos
1045 2523 1123 2568 cum
1142 2521 1309 2568 consensu
1324 2511 1357 2566 et
1373 2521 1516 2568 assensu
1531 2501 1668 2568 cristine
1684 2501 1849 2568 meldrum
1865 2500 1964 2568 vidue

608 2605 749 2672 liberum
770 2615 1003 2672 tenementum
1026 2613 1114 2670 terre
1137 2603 1325 2688 subscn'pte
1347 2603 1504 2670 habentis
1524 2604 1670 2670 utilitate
1691 2603 1833 2672 ecclesie
1848 2603 1883 2670 in
1899 2605 1964 2672 bac

606 2719 702 2794 parte
723 2711 877 2796 undeque
900 2710 1033 2796 preuisa
1055 2718 1089 2776 et
1112 2709 1290 2794 diligenter
1311 2709 1524 2778 considerata
1542 2709 1674 2778 dedisse
1697 2710 1906 2778 concessisse
1920 2713 1964 2778 ad

605 2814 827 2882 feodilirmam
851 2813 1019 2882 dimisisse
1042 2824 1075 2880 et
1100 2813 1164 2882 hac
1187 2813 1334 2898 presentj
1359 2823 1454 2882 carta
1471 2824 1587 2882 nostra
1610 2816 1829 2882 confirmasse
1847 2825 1963 2883 nostro

606 2917 728 2986 dilecto
762 2919 905 3002 Iohannj
938 2919 1089 2985 simsoun
1124 2927 1232 2984 totam
1263 2927 1296 2984 et
1329 2919 1501 3004 integram
1531 2917 1625 2986 illam
1655 2929 1780 2986 terram
1810 2929 1962 2986 nostram

536 3077 544 3093 .
606 3021 807 3088 anteriorem
839 3043 916 3090 curn
954 3021 1025 3089 suis
1061 3021 1273 3108 pertinentiis
1304 3021 1439 3107 penitus
1468 3031 1600 3089 vastam
1639 3031 1673 3088 et
1712 3021 1961 3107 Inhospitatam

607 3127 780 3192 iacentem
803 3125 890 3192 infra
913 3125 1040 3192 dictum
1064 3127 1207 3212 burgum
1230 3125 1265 3190 in
1287 3125 1362 3193 vico
1384 3126 1554 3192 furcarum
1577 3147 1618 3192 ex
1641 3125 1842 3193 occidentali
1867 3135 1961 3212 parte

606 3231 769 3298 Eiusdem
793 3231 857 3317 vicj
889 3231 977 3298 inter
1005 3241 1130 3298 terram
1162 3231 1411 3317 capellanorum
1445 3232 1586 3299 ecclesie
1617 3231 1844 3300 Cathideralis
1865 3232 1961 3300 Abir-

605 3335 765 3401 donensis
794 3355 835 3402 cx
864 3336 1004 3402 australi
1031 3357 1072 3402 ex
1097 3359 1164 3404 vna
1190 3347 1223 3402 et
1253 3346 1379 3403 terram
1409 3339 1578 3421 quondam
1610 3337 1775 3404 iohannis
1800 3337 1893 3422 myln
1919 3357 1961 3404 ex

605 3439 731 3506 boreali
747 3440 899 3524 partibus
914 3442 957 3508 ab
973 3441 1079 3508 altera
1095 3443 1142 3508 Et
1157 3461 1373 3509 communem
1388 3441 1477 3508 viam
1501 3441 1644 3526 Regiam
1660 3462 1778 3508 versus
1799 3442 1911 3508 on'ens
1925 3449 1959 3507 et

604 3552 730 3609 terram
746 3543 938 3610 interiorem
954 3543 1104 3612 ciusdem
1119 3545 1303 3630 tenementj
1320 3565 1437 3612 versus
1453 3545 1621 3612 Occidens
1636 3545 1908 3612 TENENDAM
1925 3555 1959 3612 et

605 3647 794 3715 habendam
810 3656 919 3714 totam
935 3658 969 3714 et
986 3651 1158 3734 Integram
1180 3649 1306 3716 dictam
1330 3659 1454 3716 terram
1478 3649 1680 3716 anteriorem
1703 3669 1781 3716 cum
1800 3648 1871 3716 suis
1886 3669 1959 3734 per·

604 3751 757 3818 tinentiis
781 3754 910 3838 prefato
937 3753 1082 3840 Iohannj
1107 3755 1286 3822 heredibus
1309 3755 1436 3822 suiset
1459 3754 1530 3822 suis
1553 3755 1736 3840 assignatis
1758 3777 1779 3822 a
1801 3754 1898 3824 uobis
1924 3765 1958 3822 et

604 3858 855 3926 successoribus
884 3859 1010 3926 nostris
1036 3863 1077 3928 de
1104 3881 1283 3946 suppremo
1315 3861 1462 3928 Domino
1492 3869 1607 3926 nostro
1636 3881 1716 3946 rege
1741 3860 1776 3926 in
1800 3861 1898 3928 feodo
1924 3869 1980 3946 et·

603 3962 789 4028 hereditate
812 3984 852 4030 ac
875 3963 909 4029 in
933 3963 1036 4031 libero
1059 3965 1221 4050 burgagio
1243 3967 1497 4052 Imperpetuum
1514 3967 1600 4032 Cum
1617 3965 1709 4032 omni
1727 3967 1803 4032 Iure
1819 3975 1852 4031 et
1870 3963 1958 4032 luris

603 4069 732 4134 clameo
748 4089 825 4135 cum
837 4069 964 4136 ¹debitis
984 4070 1193 4156 longitudine
1208 4081 1241 4138 et
1257 4071 1435 4148 latitudine
1458 4091 1535 4138 cum
1559 4070 1700 4156 edificijs
1722 4073 1865 4156 desuper
1879 4091 1957 4138 con·

602 4173 741 4241 structis
763 4185 796 4242 et
821 4175 1055 4242 construendis
1077 4179 1126 4243 Ac
1150 4199 1226 4244 curn
1253 4178 1410 4244 omnibus
1432 4177 1508 4244 aliis
1528 4187 1561 4244 et
1582 4175 1724 4262 singulis
1746 4176 1957 4244 libertatibus

602 4281 900 4349 commoditatibus
915 4293 948 4348 et
964 4281 1162 4349 asiamentis
1184 4305 1224 4350 ac
1249 4283 1354 4350 lustis
1376 4283 1447 4350 suis
1469 4283 1681 4368 pertinentijs
1702 4283 1955 4368 quibuscunque

602 4389 645 4454 ad
668 4388 793 4454 dictam
816 4397 941 4455 terram
965 4389 1166 4456 anteriorem
1190 4411 1267 4456 cum
1290 4389 1502 4475 pertinentiis
1525 4389 1756 4474 spectantibus
1778 4409 1838 4455 seu
1863 4389 1957 4469 Iuste,

602 4501 755 4577 spectare
773 4491 965 4562 valentibus
987 4493 1236 4579 quomodolibet
1258 4495 1293 4560 in
1315 4494 1466 4562 futurum
1488 4496 1582 4562 Adeo
1605 4495 1707 4562 libere
1729 4493 1878 4580 plenan'e
1900 4493 1955 4559 In·

601 4605 695 4682 tegre
717 4597 900 4666 honorilice
924 4601 1007 4668 bene
1030 4611 1064 4668 et
1086 4600 1121 4668 in
1144 4621 1227 4688 pace
1249 4599 1284 4670 in
1307 4591 1464 4670 omnibus
1479 4611 1512 4668 et
1528 4623 1588 4687 per
1602 4601 1715 4669 omnia
1731 4600 1819 4668 sicut
1842 4599 1955 4684 aliqua
