4488 5996
610 695 675 762 244
922 677 1087 744 amanto
1108 675 1659 762 mgsarrotamnaamogx

612 871 764 918 meorum
788 871 829 918 ac
856 849 1046 918 animarum
1068 849 1220 918 omnium
1247 870 1466 934 personarum
1489 859 1742 934 prenotatarum
1770 849 1813 916 ad
1840 847 1970 916 dictum

611 955 718 1022 altare
737 953 830 1023 ,beati
854 954 1017 1022 Iohannis
1040 954 1186 1039 baptiste
1208 975 1312 1020 vnum
1336 953 1603 1020 anniuersarium
1627 953 1783 1022 videlicet
1810 951 1970 1037 exequias

611 1058 845 1126 defunctorum
872 1080 949 1126 cum
970 1059 1116 1145 placebo
1138 1068 1172 1126 et
1194 1058 1300 1144 dirige
1323 1058 1357 1124 in
1381 1060 1522 1126 sabbato
1548 1057 1653 1144 pridie
1676 1067 1755 1126 ante
1781 1057 1969 1143 proximam

612 1161 817 1230 dominicam
854 1161 1049 1230 immediate
1086 1163 1321 1246 precedentem
1367 1161 1640 1246 solempnitatem
1678 1171 1711 1229 et
1747 1161 1969 1228 lestiuitatem

613 1265 764 1332 omnium
795 1275 990 1334 sanctorum
1017 1275 1050 1332 et
1077 1265 1207 1334 cantari
1236 1265 1361 1332 facient
1391 1265 1426 1332 in
1457 1265 1531 1350 ipsa
1560 1266 1730 1334 dominica
1760 1265 1902 1332 missam
1928 1267 1970 1332 de

615 1368 780 1454 Requiem
793 1368 863 1454 [sic]
875 1379 1027 1438 eternam
1044 1392 1121 1436 cum
1138 1380 1219 1437 nota
1234 1391 1312 1438 cum
1325 1370 1439 1436 missis
1454 1370 1597 1455 priuatis
1609 1393 1668 1456 per
1680 1372 1873 1456 capellanos
1888 1369 1970 1438 dicti

606 1474 707 1554 ‚chori
730 1497 790 1559 per
812 1475 1024 1544 ebdomidam
1048 1485 1246 1561 sequentem
1271 1477 1414 1560 Insuper
1437 1475 1597 1544 collector
1619 1477 1785 1548 dictorum
1802 1477 1970 1560 capellan·

612 1598 709 1644 orum
726 1578 781 1664 quj
799 1599 860 1664 pro
882 1589 1033 1664 tempore
1054 1578 1153 1645 fuerit
1175 1579 1276 1646 faciet
1299 1580 1405 1664 preire
1428 1589 1462 1646 et
1485 1579 1661 1646 circumire
1682 1580 1810 1665 dictum
1827 1582 1970 1665 burgum

612 1703 672 1768 per
697 1705 876 1768 preconem
890 1685 999 1770 burgj
1024 1705 1101 1750 cum
1128 1705 1295 1770 campana
1322 1685 1472 1752 manuali
1496 1687 1539 1752 ad
1563 1685 1822 1770 significandum
1846 1686 1970 1770 populo

612 1787 741 1856 dictum
764 1789 1031 1858 anniuersarium
1058 1789 1093 1854 in
1119 1789 1267 1856 crastino
1293 1789 1363 1856 fore
1386 1790 1624 1857 celebrandum
1651 1792 1700 1856 Ac
1723 1791 1874 1858 tabulam
1898 1790 1970 1856 siue

613 1891 717 1958 sedile
733 1913 833 1978 super
848 1892 1094 1966 monimentum
1110 1893 1235 1960 locabit
1259 1893 1390 1960 decenti
1415 1903 1536 1960 ornatu
1559 1905 1755 1979 coopertum
1769 1915 1848 1960 'cum
1865 1894 1971 1962 cereis

613 2005 647 2076 et
677 1997 798 2064 ceteris
828 1996 1050 2064 luminaribus
1079 1995 1167 2064 sicut
1197 1997 1231 2062 in
1262 1997 1429 2066 similibus
1458 1999 1697 2066 anniuersariis
1727 1999 1797 2064 fieri
1825 1999 1910 2066 solet
1936 2007 1970 2066 et

613 2101 790 2168 consueuit
801 2102 847 2168 Et
860 2101 1038 2168 sacristam
1048 2111 1084 2168 vt
1097 2111 1148 2168 est
1162 2102 1264 2168 moris
1276 2111 1355 2168 ante
1368 2103 1623 2172 inchoacionem
1636 2103 1739 2170 misse
1749 2105 1790 2170 de
1804 2103 1969 2188 Requiem

613 2215 765 2291 eternam
778 2209 945 2274 cantande
957 2209 1092 2292 pulsare
1101 2207 1201 2274 faciet
1213 2217 1249 2274 vt
1262 2207 1496 2290 christifideles
1508 2230 1548 2276 ex
1560 2231 1804 2294 campanarum
1817 2209 1970 2294 pulsibus

613 2331 654 2376 eo
677 2310 840 2378 libencius
863 2312 1066 2380 conueniant
1093 2333 1153 2396 pro
1180 2313 1290 2380 salute
1314 2312 1426 2380 anime
1450 2335 1525 2380 mee
1547 2325 1581 2382 et
1604 2314 1794 2382 animarum
1818 2315 1969 2382 omnium

613 2414 763 2499 fidelium
779 2415 1011 2483 defunctorum
1031 2416 1156 2484 oraturi
1179 2427 1313 2484 tanturn
1336 2437 1396 2502 pro
1419 2418 1511 2484 omni
1534 2419 1601 2486 alio
1623 2441 1723 2486 onere
1747 2430 1805 2488 aut
1829 2419 1971 2488 seruicio

607 2520 703 2604 ‚quod
718 2540 777 2603 pro
793 2519 883 2588 dicto
898 2541 1011 2586 annuo
1026 2520 1158 2587 redditu
1175 2520 1262 2606 exigi
1278 2521 1401 2606 poterit
1417 2531 1476 2588 aut
1492 2521 1614 2606 requiri
1635 2524 1791 2590 Preterea
1809 2523 1971 2591 noueritis

613 2643 668 2688 me
683 2644 743 2708 pro
766 2624 876 2690 salute
891 2624 1003 2691 anime
1019 2645 1093 2692 mee
1116 2625 1222 2711 patris
1245 2647 1284 2692 ac
1309 2626 1427 2693 matris
1451 2647 1602 2694 meorum
1618 2628 1765 2696 duncani
1788 2629 1921 2704 lowdon
1936 2637 1970 2694 et

613 2727 803 2818 animarum
831 2730 983 2797 omnium
1010 2730 1159 2798 fidelium
1187 2732 1422 2798 defunctorum
1448 2733 1581 2800 dedisse
1611 2733 1819 2802 concessisse
1845 2743 1879 2802 et
1906 2735 1971 2803 hac

614 2833 761 2918 presenti
786 2844 880 2902 carta
907 2857 983 2902 mea
1012 2836 1047 2902 in
1078 2858 1197 2922 puram
1225 2847 1258 2904 et
1285 2847 1482 2922 perpetuam
1509 2838 1722 2906 elimosinam
1752 2838 1971 2906 confirmasse

614 2937 714 3004 dictis
729 2949 846 3006 curato
861 2949 895 3006 et
911 2940 1096 3026 capellanis
1111 2939 1204 3008 illam
1221 2951 1344 3008 terram
1362 2963 1472 3010 meam
1491 2944 1663 3010 Iacentem
1685 2941 1719 3008 in
1734 2941 1809 3010 vico
1824 2941 1971 3010 inferiori

518 3111 521 3118 ,
613 3042 696 3112 dicti
712 3044 808 3130 burgi
824 3043 912 3112 inter
926 3055 1051 3113 terram
1068 3047 1231 3114 Iohannis
1246 3048 1432 3116 matelland
1456 3047 1613 3133 contigue
1635 3069 1676 3114 ex
1699 3058 1794 3133 parte
1805 3047 1971 3122 ,orientali

613 3157 647 3215 et
677 3158 860 3216 torrentem
898 3151 1141 3219 discurrentem
1172 3173 1212 3218 ex
1242 3153 1442 3236 occidentali
1473 3165 1567 3238 parte
1601 3162 1793 3238 terramque
1831 3153 1970 3220 Roberti

613 3253 777 3340 kennerty
792 3275 833 3320 ex
847 3265 943 3339 parte
965 3257 1106 3322 australi
1122 3267 1154 3322 et
1171 3279 1386 3324 communem
1402 3257 1491 3323 viam
1515 3256 1642 3341 regiam
1666 3279 1733 3342 qua
1755 3257 1970 3326 descenditur

613 3359 657 3426 ad
673 3358 801 3424 dictum
816 3369 999 3427 torrentem
1015 3381 1133 3426 versus
1155 3371 1286 3445 partem
1310 3361 1477 3428 borealem
1500 3359 1699 3428 Tenendam
1722 3371 1755 3428 et
1779 3363 1969 3428 habendam

613 3463 739 3532 dictam
755 3475 880 3532 terram
896 3487 974 3532 cum
990 3465 1060 3532 suis
1076 3465 1293 3552 pertinenciis
1307 3476 1341 3532 et
1362 3465 1495 3546 Iuribus
1514 3466 1769 3551 quibuscunque
1784 3469 1827 3534 ad
1843 3466 1969 3534 dictam

613 3579 739 3636 terram
777 3571 1009 3656 spectantibus
1038 3593 1098 3638 seu
1128 3571 1216 3638 iuste
1247 3580 1399 3656 spectare
1428 3570 1619 3640 valentibus
1654 3569 1904 3656 quomodolibet
1935 3569 1970 3636 in

613 3674 763 3742 futurum
787 3675 925 3759 prefatis
947 3685 1065 3744 curato
1088 3685 1121 3743 et
1144 3675 1331 3762 capellanis
1346 3685 1379 3742 et
1396 3675 1466 3742 suis
1481 3675 1732 3744 successoribus
1754 3697 1775 3742 a
1798 3695 1853 3740 me
1876 3674 1970 3740 here·

609 3778 712 3849 tlibus
731 3778 816 3846 meis
831 3789 865 3846 et
887 3779 1071 3866 assignatis
1086 3783 1127 3848 de
1150 3801 1307 3866 supremo
1329 3779 1466 3846 domino
1489 3791 1605 3846 nostro
1629 3782 1722 3865 Rege
1745 3801 1785 3846 ac
1807 3779 1842 3844 in
1866 3778 1970 3846 libero

613 3883 775 3970 burgagio
798 3885 1045 3972 imperpetuum
1069 3885 1240 3954 Faciendo
1255 3885 1333 3953 inde
1348 3883 1429 3952 dicti
1453 3883 1618 3970 capellani
1635 3895 1668 3950 et
1685 3883 1737 3952 sui
1757 3903 1971 3950 successores

613 3987 751 4056 domino
773 3999 890 4058 nostro
914 3989 1000 4075 Regi
1022 4011 1083 4075 pro
1106 3989 1197 4058 dicta
1219 3999 1310 4056 terra
1333 3987 1513 4056 seruicium
1536 3987 1687 4056 debitum
1714 3996 1747 4054 et
1768 3995 1968 4052 consuetum

614 4093 661 4160 Et
690 4095 859 4184 red-dendo
888 4092 966 4160 inde
995 4094 1172 4162 annuatim
1206 4093 1428 4180 burgensibus
1464 4102 1498 4160 et
1535 4091 1771 4160 communitati
1801 4089 1898 4175 burgi
1928 4091 1970 4156 de

612 4198 787 4264 Aberdene
817 4217 876 4264 sex
905 4197 1031 4264 solidos
1057 4207 1090 4264 et
1116 4207 1194 4264 octo
1224 4198 1380 4264 denarios
1405 4195 1533 4262 vsualis
1557 4205 1692 4262 monete
1719 4193 1829 4278 Regni
1859 4191 1970 4259 scocie

612 4302 945 4388 proporcionabiliter
960 4304 1003 4368 ad
1019 4303 1104 4368 duos
1123 4301 1202 4386 annj
1220 4301 1384 4368 terminos
1398 4300 1533 4368 vsuales
1555 4309 1689 4366 tantum
1706 4321 1764 4384 pro
1787 4296 1880 4364 omni
1903 4297 1970 4362 alio

612 4407 755 4474 seruicio
777 4405 952 4474 exactione
967 4408 1020 4474 vel
1043 4409 1211 4474 demanda
1235 4429 1299 4492 que
1321 4407 1496 4492 prodicta
1519 4417 1608 4474 terra
1630 4407 1718 4492 exigi
1740 4405 1887 4490 poterint
1911 4413 1970 4472 aut

611 4511 734 4596 requiri
765 4513 811 4578 Et
842 4511 871 4578 si
901 4511 981 4597 quid
1010 4513 1135 4580 residui
1164 4513 1263 4580 luerit
1294 4515 1336 4579 de
1366 4513 1473 4580 firmis
1502 4512 1666 4580 fructibus
1695 4511 1880 4578 redditibus
1909 4519 1969 4576 aut

611 4614 885 4702 peruenientibus
899 4617 990 4682 dicte
1011 4627 1100 4684 terre
1122 4617 1300 4688 annuatim
1323 4617 1387 4684 hoc
1411 4616 1530 4701 prefati
1553 4613 1718 4701 capellani
1741 4613 1904 4698 recipient
1926 4613 1969 4680 ad
