4488 5996
606 686 716 753 onae
737 683 1056 772 magumlohanats
1079 684 1254 771 aranga
1547 703 1609 770 24⁵

247 881 346 928 usum
361 869 395 928 et
411 861 626 928 commodum
649 861 831 926 eorundem
855 879 914 944 pro
933 857 1150 926 oracionibus
1173 868 1207 924 et
1231 859 1399 944 suffragiis
1417 881 1478 946 pro
1493 860 1610 928 anima

249 986 325 1032 mea
340 975 373 1032 et
389 965 614 1051 predictorum
631 963 881 1031 nominatorum
898 963 1040 1049 singulis
1056 964 1155 1030 annis
1177 963 1427 1050 imperpetuum
1443 965 1608 1033 faciendis

249 1069 295 1136 Et
318 1090 381 1155 ego
402 1091 482 1136 vero
504 1069 675 1155 predictus
697 1067 860 1154 magister
883 1069 1054 1134 Iohannes
1077 1067 1299 1154 Baidenaugh
1323 1070 1464 1136 heredes
1487 1069 1553 1136 mei
1573 1079 1606 1136 et

248 1173 412 1260 assignati
439 1173 627 1260 predictum
654 1194 804 1240 annuum
835 1173 1003 1240 redditum
1033 1173 1153 1258 viginti
1184 1183 1329 1258 quatuor
1359 1174 1542 1242 solidorum
1574 1185 1608 1240 et

250 1277 377 1346 dictam
399 1287 524 1346 terram
548 1288 584 1345 vt
607 1277 757 1363 prelatur
778 1277 813 1342 in
837 1275 984 1362 presenti
1008 1286 1102 1343 carta
1125 1285 1356 1361 expressatam
1375 1277 1475 1344 dictis
1491 1285 1609 1344 curato

249 1393 284 1450 et
306 1384 491 1470 capellanis
506 1405 546 1452 ac
562 1383 633 1452 suis
654 1383 905 1452 successoribus
927 1391 1046 1450 contra
1068 1405 1187 1450 omnes
1210 1383 1371 1450 mortales
1396 1383 1609 1452 Warantiza-

252 1489 363 1557 bimus
382 1489 651 1575 acquietabimus
673 1499 707 1556 et
730 1488 978 1574 imperpetuum
1002 1488 1220 1554 defendemus
1245 1491 1285 1556 In
1309 1489 1406 1556 cuius
1431 1489 1494 1556 Rei
1516 1490 1611 1556 testi·

252 1594 402 1662 monium
427 1595 582 1681 Sigillum
607 1615 719 1663 meum
743 1615 888 1662 unacum
908 1593 1018 1678 sigillo
1041 1592 1248 1660 honorabilis
1269 1593 1330 1660 viri
1354 1594 1486 1661 Thome
1501 1597 1612 1662 Waus
1673 1675 1676 1680 Ι

251 1699 350 1768 vnius
365 1699 566 1768 balliuorum
582 1702 623 1782 de
639 1702 813 1768 Aberdene
830 1721 870 1767 ac
886 1699 1014 1766 datoris
1029 1699 1141 1766 sasine
1157 1699 1323 1766 dictorum
1340 1700 1444 1766 annui
1459 1699 1610 1766 redditus

251 1815 285 1872 et
308 1815 395 1872 terre
413 1805 595 1872 venerabili
618 1805 689 1872 viro
712 1805 849 1873 domino
871 1804 974 1873 dauid
997 1805 1108 1872 Waus
1131 1805 1294 1890 magistro
1318 1803 1497 1889 hospitalis
1520 1803 1610 1872 beati

252 1907 384 1976 Thome
399 1909 547 1976 martiris
561 1911 603 1976 de
618 1909 793 1976 Aberdene
814 1909 985 1976 collectori
1001 1908 1166 1976 dictorum
1186 1907 1294 1974 curati
1310 1917 1343 1974 et
1359 1907 1609 1992 capellanorum

251 2035 312 2098 pro
333 2023 485 2100 tompore
507 2025 541 2080 et
564 2015 599 2080 in
622 2015 718 2082 cuius
741 2014 898 2082 manibus
923 2014 1033 2081 dictos
1059 2035 1210 2080 annuum
1236 2013 1405 2080 redditum
1428 2021 1462 2078 et
1485 2022 1610 2080 terram

252 2119 416 2204 legittime
445 2121 676 2205 resignauerat
707 2120 785 2187 huic
822 2120 970 2206 presenti
1007 2131 1100 2187 carte
1130 2141 1204 2186 mee
1231 2127 1311 2185 sunt
1338 2138 1490 2204 appensa
1521 2117 1610 2202 apud

251 2225 427 2292 Aberdene
440 2225 601 2292 vicesima
616 2226 670 2292 die
686 2225 813 2292 mensis
830 2226 906 2310 Iulij
924 2226 959 2292 in
975 2227 1075 2292 Anno
1096 2223 1224 2292 domini
1248 2223 1427 2291 millesimo
1450 2223 1611 2308 quingen·

252 2329 374 2395 tesimo
399 2331 597 2398 duodecimo
624 2353 737 2398 coram
764 2331 830 2398 hiis
852 2331 997 2398 testibus
1018 2329 1265 2398 venerabilibus
1291 2341 1324 2396 et
1351 2329 1506 2396 discretis
1531 2328 1612 2395 viris

254 2433 416 2518 magistro
447 2436 614 2502 Edwardo
644 2437 905 2522 cunnynghame
933 2439 1077 2504 Rectore
1103 2437 1145 2502 de
1171 2457 1278 2521 cusny
1305 2435 1467 2520 magistro
1498 2435 1612 2502 Dauid

254 2559 390 2605 menzes
420 2540 583 2625 magistro
619 2543 738 2608 thoma
775 2543 938 2609 chamour
972 2541 1109 2608 domino
1148 2542 1300 2608 Iohanne
1330 2543 1441 2608 Waus
1476 2541 1612 2607 domino

253 2642 428 2710 Willelmo
452 2645 633 2730 philpsoun
658 2647 810 2714 Iohanne
833 2647 1019 2714 matelland
1042 2657 1075 2712 et
1102 2646 1244 2732 gilberto
1270 2655 1432 2731 prestoun
1457 2645 1612 2712 seriando

253 2747 334 2814 dicti
364 2749 459 2835 burgi
489 2752 530 2816 de
553 2753 728 2819 Aberdene
754 2773 832 2820 cum
859 2753 935 2820 aliis
965 2763 998 2819 et
1029 2753 1173 2820 diuersis
1202 2754 1346 2822 testibus
1375 2755 1418 2821 ad
1448 2753 1613 2837 premissa

254 2853 385 2922 vocatis

850 3083 1016 3152 CXVIII.

353 3255 497 3324 BITUS
528 3257 680 3343 magistri
712 3258 874 3326 Iohannis
901 3259 1097 3345 Baidenagh
1127 3259 1243 3344 vicarij
1272 3259 1312 3326 de
1340 3259 1489 3344 Gamery
1515 3258 1611 3324 cuius
1632 3271 1737 3325 nutv

381 3359 632 3444 anniuersarius
645 3384 705 3448 per
717 3373 871 3430 curatum
884 3374 917 3430 et
930 3365 1124 3448 capellanos
1135 3364 1228 3430 chori
1240 3363 1381 3430 ecclesie
1393 3361 1612 3448 perrochialis
1634 3387 1728 3438 obitu,
1739 3386 1834 3452 magia·

257 3461 347 3528 beati
371 3463 540 3550 Nicholaij
565 3467 660 3552 burgi
683 3470 725 3535 de
748 3471 922 3536 Aberdene
945 3472 988 3537 ad
1011 3471 1117 3536 altare
1141 3469 1250 3536 sancti
1274 3469 1438 3538 Iohannis
1465 3467 1611 3554 baptiste
1634 3451 1800 3584 ffifflff'

248 3565 422 3644 situatum
446 3568 480 3634 in
504 3571 594 3638 dicta
617 3573 760 3639 ecclesia
782 3573 968 3658 parochiali
992 3573 1169 3642 annuatim
1192 3583 1226 3640 et
1249 3573 1496 3660 imperpetuum
1520 3591 1611 3638 omm

257 3671 427 3739 dominica
450 3675 601 3758 proxima
625 3687 659 3742 et
684 3677 879 3745 immediate
902 3681 1101 3764 precedente
1128 3679 1401 3764 solempnitatem
1426 3687 1459 3746 et
1485 3675 1613 3743 lestiui·

257 3785 363 3844 tatem
379 3779 530 3846 omnium
550 3793 744 3850 sanctorum
761 3784 795 3852 in
811 3785 901 3852 bunc
924 3787 1061 3852 modum
1085 3784 1240 3852 videlicet
1263 3783 1422 3869 exequias
1441 3783 1614 3852 defuncto·

258 3903 333 3948 rum
357 3904 434 3950 cum
460 3885 601 3970 placebo
624 3897 657 3954 et
681 3887 785 3974 dirige
808 3889 843 3956 in
866 3891 1007 3958 sabbato
1033 3889 1225 3976 precedenti
1248 3899 1281 3956 et
1305 3889 1444 3956 missam
1469 3889 1510 3956 de
1533 3895 1615 3954 nota

258 3987 293 4056 in
320 3987 395 4076 ipsa
419 3991 589 4059 dominica
615 4015 693 4062 cum
717 3995 837 4062 ceteris
860 3995 974 4064 missis
995 3995 1138 4082 priuatis
1160 4017 1219 4080 per
1240 3993 1453 4062 ebdomidam
1478 3997 1524 4063 Et
1548 3997 1615 4062 col-

250 4092 363 4180 lector
395 4095 646 4179 capellanorum
684 4119 863 4183 preconem
901 4121 978 4167 cum
1016 4119 1183 4184 campana
1220 4098 1370 4166 manuali
1407 4119 1466 4184 per
1502 4108 1613 4166 totum

258 4197 401 4280 burgum
427 4201 534 4284 preire
559 4202 659 4270 saciet
686 4204 834 4271 indicto
859 4207 1000 4272 sabbato
1022 4215 1058 4272 vt
1082 4205 1241 4272 incitetur
1262 4205 1407 4290 populus
1429 4206 1472 4272 ad
1498 4207 1614 4290 depre-

248 4301 403 4374 candum
431 4323 491 4388 pro
516 4307 694 4374 animabus
720 4309 935 4378 fundatorum
960 4311 1128 4378 Tabulam
1152 4311 1223 4376 siue
1248 4310 1351 4378 sedile
1374 4333 1474 4397 super
1497 4333 1614 4380 monu-

258 4411 410 4470 mentum
435 4405 557 4474 locabit
584 4421 618 4476 et
642 4411 822 4480 luminaria
848 4414 997 4482 inueniet
1020 4425 1056 4482 vt
1083 4415 1118 4490 in
1141 4425 1235 4482 carta
1262 4415 1454 4498 precedenti
1481 4415 1615 4500 plenius

259 4509 450 4578 continetur
486 4534 547 4598 pro
583 4537 650 4602 quo
688 4519 822 4603 quidem
859 4521 1092 4588 anniuersario
1131 4523 1384 4608 Imperpetuum
1415 4522 1615 4590 celebrando

258 4609 472 4696 infeodantur
508 4616 542 4684 in
571 4619 691 4705 viginti
728 4633 872 4708 quatuor
908 4625 1025 4692 solidis
1057 4627 1234 4694 annuatim
1271 4626 1425 4696 leuandis
1455 4629 1496 4694 de
1525 4637 1615 4702 terra
