<?xml version="1.0" encoding="UTF-8"?>
<!DOCTYPE html PUBLIC "-//W3C//DTD XHTML 1.0 Transitional//EN"
    "http://www.w3.org/TR/xhtml1/DTD/xhtml1-transitional.dtd">
<html xmlns="http://www.w3.org/1999/xhtml" xml:lang="en" lang="en">
 <head>
  <title>
</title>
<meta http-equiv="Content-Type" content="text/html;charset=utf-8" />
  <meta name='ocr-system' content='tesseract 3.04.00' />
  <meta name='ocr-capabilities' content='ocr_page ocr_carea ocr_par ocr_line ocrx_word'/>
</head>
<body>
  <div class='ocr_page' id='page_1' title='image "./cartulariumeccl00logagoog_0114.png"; bbox 0 0 4490 5990; ppageno 0'>
   <div class='ocr_carea' id='block_1_1' title="bbox 657 657 1749 748">
    <p class='ocr_par' dir='ltr' id='par_1_1' title="bbox 657 657 1749 748">
     <span class='ocr_line' id='line_1_1' title="bbox 657 657 1749 748; baseline -0.005 -19"><span class='ocrx_word' id='word_1_1' title='bbox 657 663 699 730; x_wconf 88' lang='grc'><strong>86</strong></span> <span class='ocrx_word' id='word_1_2' title='bbox 936 659 1097 728; x_wconf 73' lang='lat' dir='ltr'><strong>Fmrdatio</strong></span> <span class='ocrx_word' id='word_1_3' title='bbox 1117 659 1259 748; x_wconf 69' lang='lat' dir='ltr'><strong>Angue·</strong></span> <span class='ocrx_word' id='word_1_4' title='bbox 1280 659 1452 728; x_wconf 74' lang='lat' dir='ltr'><strong>edanum</strong></span> <span class='ocrx_word' id='word_1_5' title='bbox 1472 657 1641 748; x_wconf 74' lang='lat' dir='ltr'><strong>capellanis</strong></span> <span class='ocrx_word' id='word_1_6' title='bbox 1662 657 1749 725; x_wconf 70' lang='lat' dir='ltr'><strong>chori</strong></span> 
     </span>
    </p>
   </div>
   <div class='ocr_carea' id='block_1_2' title="bbox 658 827 2056 2480">
    <p class='ocr_par' dir='ltr' id='par_1_2' title="bbox 658 827 2056 2480">
     <span class='ocr_line' id='line_1_2' title="bbox 658 827 2020 921; baseline -0.003 -19"><span class='ocrx_word' id='word_1_7' title='bbox 658 835 786 904; x_wconf 91' lang='lat' dir='ltr'><strong>eisdem</strong></span> <span class='ocrx_word' id='word_1_8' title='bbox 804 833 903 904; x_wconf 86' lang='lat' dir='ltr'><strong>altari</strong></span> <span class='ocrx_word' id='word_1_9' title='bbox 921 843 955 903; x_wconf 88' lang='lat' dir='ltr'><strong>et</strong></span> <span class='ocrx_word' id='word_1_10' title='bbox 970 833 1148 921; x_wconf 90' lang='lat' dir='ltr'><strong>capellano</strong></span> <span class='ocrx_word' id='word_1_11' title='bbox 1163 831 1220 920; x_wconf 94' lang='lat' dir='ltr'><strong>qui</strong></span> <span class='ocrx_word' id='word_1_12' title='bbox 1236 855 1297 919; x_wconf 92' lang='lat' dir='ltr'><strong>pro</strong></span> <span class='ocrx_word' id='word_1_13' title='bbox 1316 844 1468 920; x_wconf 86' lang='lat' dir='ltr'><strong>tempore</strong></span> <span class='ocrx_word' id='word_1_14' title='bbox 1489 831 1590 901; x_wconf 88' lang='lat' dir='ltr'><strong>luerit</strong></span> <span class='ocrx_word' id='word_1_15' title='bbox 1612 829 1648 900; x_wconf 94' lang='lat' dir='ltr'><strong>in</strong></span> <span class='ocrx_word' id='word_1_16' title='bbox 1669 831 1768 900; x_wconf 88' lang='lat' dir='ltr'><strong>leodo</strong></span> <span class='ocrx_word' id='word_1_17' title='bbox 1783 839 1817 898; x_wconf 88' lang='lat' dir='ltr'><strong>et</strong></span> <span class='ocrx_word' id='word_1_18' title='bbox 1833 827 2020 898; x_wconf 88' lang='lat' dir='ltr'><strong>hereditate</strong></span> 
     </span>
     <span class='ocr_line' id='line_1_3' title="bbox 661 933 2020 1027; baseline -0.004 -19"><span class='ocrx_word' id='word_1_19' title='bbox 661 939 697 1008; x_wconf 91' lang='lat' dir='ltr'><strong>in</strong></span> <span class='ocrx_word' id='word_1_20' title='bbox 717 939 965 1027; x_wconf 85' lang='lat' dir='ltr'><strong>imperpetuum</strong></span> <span class='ocrx_word' id='word_1_21' title='bbox 984 939 1087 1010; x_wconf 86' lang='lat' dir='ltr'><strong>libere</strong></span> <span class='ocrx_word' id='word_1_22' title='bbox 1105 937 1218 1025; x_wconf 88' lang='lat' dir='ltr'><strong>quiete</strong></span> <span class='ocrx_word' id='word_1_23' title='bbox 1233 938 1382 1026; x_wconf 76' lang='lat' dir='ltr'>plenarie</span> <span class='ocrx_word' id='word_1_24' title='bbox 1400 937 1529 1026; x_wconf 78' lang='lat' dir='ltr'>integre</span> <span class='ocrx_word' id='word_1_25' title='bbox 1545 937 1728 1006; x_wconf 87' lang='lat' dir='ltr'><strong>honorifice</strong></span> <span class='ocrx_word' id='word_1_26' title='bbox 1742 945 1777 1004; x_wconf 94' lang='lat' dir='ltr'><strong>et</strong></span> <span class='ocrx_word' id='word_1_27' title='bbox 1792 933 1827 1002; x_wconf 91' lang='lat' dir='ltr'><strong>in</strong></span> <span class='ocrx_word' id='word_1_28' title='bbox 1843 957 1927 1022; x_wconf 90' lang='lat' dir='ltr'><strong>pace</strong></span> <span class='ocrx_word' id='word_1_29' title='bbox 1942 957 2020 1003; x_wconf 92' lang='lat' dir='ltr'><strong>cum</strong></span> 
     </span>
     <span class='ocr_line' id='line_1_4' title="bbox 662 1038 2022 1130; baseline -0.002 -19"><span class='ocrx_word' id='word_1_30' title='bbox 662 1043 820 1113; x_wconf 89' lang='lat' dir='ltr'><strong>omnibus</strong></span> <span class='ocrx_word' id='word_1_31' title='bbox 834 1053 868 1112; x_wconf 90' lang='lat' dir='ltr'><strong>et</strong></span> <span class='ocrx_word' id='word_1_32' title='bbox 884 1043 1026 1130; x_wconf 90' lang='lat' dir='ltr'><strong>singulis</strong></span> <span class='ocrx_word' id='word_1_33' title='bbox 1041 1042 1254 1112; x_wconf 84' lang='lat' dir='ltr'><strong>libertatibus</strong></span> <span class='ocrx_word' id='word_1_34' title='bbox 1269 1043 1569 1112; x_wconf 82' lang='lat' dir='ltr'><strong>commoditatibus</strong></span> <span class='ocrx_word' id='word_1_35' title='bbox 1584 1051 1618 1110; x_wconf 88' lang='lat' dir='ltr'><strong>et</strong></span> <span class='ocrx_word' id='word_1_36' title='bbox 1635 1039 1846 1110; x_wconf 79' lang='lat' dir='ltr'><strong>aisiamentis</strong></span> <span class='ocrx_word' id='word_1_37' title='bbox 1858 1061 1898 1108; x_wconf 87' lang='lat' dir='ltr'><strong>ac</strong></span> <span class='ocrx_word' id='word_1_38' title='bbox 1916 1038 2022 1108; x_wconf 90' lang='lat' dir='ltr'><strong>Iustis</strong></span> 
     </span>
     <span class='ocr_line' id='line_1_5' title="bbox 662 1143 2021 1234; baseline -0.003 -19"><span class='ocrx_word' id='word_1_39' title='bbox 662 1147 880 1234; x_wconf 85' lang='lat' dir='ltr'><strong>pertinenciis</strong></span> <span class='ocrx_word' id='word_1_40' title='bbox 898 1148 1152 1234; x_wconf 83' lang='lat' dir='ltr'><strong>quibuscunque</strong></span> <span class='ocrx_word' id='word_1_41' title='bbox 1176 1149 1218 1214; x_wconf 90' lang='lat' dir='ltr'><strong>ad</strong></span> <span class='ocrx_word' id='word_1_42' title='bbox 1242 1146 1351 1216; x_wconf 91' lang='lat' dir='ltr'><strong>dictos</strong></span> <span class='ocrx_word' id='word_1_43' title='bbox 1373 1167 1506 1216; x_wconf 89' lang='lat' dir='ltr'><strong>annuos</strong></span> <span class='ocrx_word' id='word_1_44' title='bbox 1530 1145 1697 1216; x_wconf 85' lang='lat' dir='ltr'><strong>Redditus</strong></span> <span class='ocrx_word' id='word_1_45' title='bbox 1713 1143 1946 1232; x_wconf 82' lang='lat' dir='ltr'><strong>spectantibus</strong></span> <span class='ocrx_word' id='word_1_46' title='bbox 1961 1165 2021 1212; x_wconf 89' lang='lat' dir='ltr'><strong>seu</strong></span> 
     </span>
     <span class='ocr_line' id='line_1_6' title="bbox 662 1250 2022 1342; baseline -0.003 -20"><span class='ocrx_word' id='word_1_47' title='bbox 662 1253 782 1323; x_wconf 88' lang='lat' dir='ltr'><strong>iustice</strong></span> <span class='ocrx_word' id='word_1_48' title='bbox 801 1263 954 1342; x_wconf 88' lang='lat' dir='ltr'><strong>spectare</strong></span> <span class='ocrx_word' id='word_1_49' title='bbox 968 1253 1161 1322; x_wconf 86' lang='lat' dir='ltr'><strong>valentibus</strong></span> <span class='ocrx_word' id='word_1_50' title='bbox 1176 1253 1427 1339; x_wconf 89' lang='lat' dir='ltr'><strong>quomodolibet</strong></span> <span class='ocrx_word' id='word_1_51' title='bbox 1442 1253 1477 1320; x_wconf 90' lang='lat' dir='ltr'><strong>in</strong></span> <span class='ocrx_word' id='word_1_52' title='bbox 1492 1253 1642 1322; x_wconf 85' lang='lat' dir='ltr'><strong>futurum</strong></span> <span class='ocrx_word' id='word_1_53' title='bbox 1664 1251 1737 1320; x_wconf 90' lang='lat' dir='ltr'><strong>sine</strong></span> <span class='ocrx_word' id='word_1_54' title='bbox 1758 1250 1871 1340; x_wconf 86' lang='lat' dir='ltr'><strong>aliqua</strong></span> <span class='ocrx_word' id='word_1_55' title='bbox 1886 1272 2022 1318; x_wconf 88' lang='lat' dir='ltr'><strong>reuoca·</strong></span> 
     </span>
     <span class='ocr_line' id='line_1_7' title="bbox 661 1357 2022 1427; baseline -0.003 -1"><span class='ocrx_word' id='word_1_56' title='bbox 661 1357 759 1426; x_wconf 87' lang='lat' dir='ltr'><strong>cione</strong></span> <span class='ocrx_word' id='word_1_57' title='bbox 774 1359 829 1426; x_wconf 92' lang='lat' dir='ltr'><strong>uel</strong></span> <span class='ocrx_word' id='word_1_58' title='bbox 844 1357 1090 1427; x_wconf 87' lang='lat' dir='ltr'><strong>reclamacione</strong></span> <span class='ocrx_word' id='word_1_59' title='bbox 1105 1367 1164 1426; x_wconf 82' lang='lat' dir='ltr'><strong>aut</strong></span> <span class='ocrx_word' id='word_1_60' title='bbox 1181 1357 1447 1426; x_wconf 84' lang='lat' dir='ltr'><strong>contradictione</strong></span> <span class='ocrx_word' id='word_1_61' title='bbox 1464 1357 1530 1426; x_wconf 91' lang='lat' dir='ltr'><strong>mei</strong></span> <span class='ocrx_word' id='word_1_62' title='bbox 1547 1357 1601 1426; x_wconf 89' lang='lat' dir='ltr'><strong>uel</strong></span> <span class='ocrx_word' id='word_1_63' title='bbox 1617 1358 1778 1426; x_wconf 88' lang='lat' dir='ltr'><strong>heredum</strong></span> <span class='ocrx_word' id='word_1_64' title='bbox 1795 1376 1947 1424; x_wconf 91' lang='lat' dir='ltr'><strong>meorum</strong></span> <span class='ocrx_word' id='word_1_65' title='bbox 1963 1363 2022 1424; x_wconf 89' lang='lat' dir='ltr'><strong>aut</strong></span> 
     </span>
     <span class='ocr_line' id='line_1_8' title="bbox 662 1459 2022 1550; baseline -0.004 -18"><span class='ocrx_word' id='word_1_66' title='bbox 662 1463 805 1532; x_wconf 88' lang='lat' dir='ltr'><strong>aliorum</strong></span> <span class='ocrx_word' id='word_1_67' title='bbox 821 1485 1098 1550; x_wconf 89' lang='lat' dir='ltr'><strong>quorumcunque</strong></span> <span class='ocrx_word' id='word_1_68' title='bbox 1113 1462 1249 1532; x_wconf 89' lang='lat' dir='ltr'><strong>nomine</strong></span> <span class='ocrx_word' id='word_1_69' title='bbox 1272 1473 1388 1531; x_wconf 89' lang='lat' dir='ltr'><strong>nostro</strong></span> <span class='ocrx_word' id='word_1_70' title='bbox 1411 1463 1466 1532; x_wconf 94' lang='lat' dir='ltr'><strong>uel</strong></span> <span class='ocrx_word' id='word_1_71' title='bbox 1482 1485 1523 1532; x_wconf 79' lang='lat' dir='ltr'><strong>ex</strong></span> <span class='ocrx_word' id='word_1_72' title='bbox 1538 1473 1634 1550; x_wconf 86' lang='lat' dir='ltr'><strong>parte</strong></span> <span class='ocrx_word' id='word_1_73' title='bbox 1656 1472 1773 1530; x_wconf 88' lang='lat' dir='ltr'><strong>nostra</strong></span> <span class='ocrx_word' id='word_1_74' title='bbox 1794 1461 1873 1530; x_wconf 89' lang='lat' dir='ltr'><strong>inde</strong></span> <span class='ocrx_word' id='word_1_75' title='bbox 1888 1459 2022 1546; x_wconf 88' lang='lat' dir='ltr'><strong>quouis-</strong></span> 
     </span>
     <span class='ocr_line' id='line_1_9' title="bbox 662 1566 2022 1654; baseline -0.001 -18"><span class='ocrx_word' id='word_1_76' title='bbox 662 1571 763 1637; x_wconf 92' lang='lat' dir='ltr'><strong>modo</strong></span> <span class='ocrx_word' id='word_1_77' title='bbox 788 1569 952 1638; x_wconf 85' lang='lat' dir='ltr'><strong>iaciendis</strong></span> <span class='ocrx_word' id='word_1_78' title='bbox 978 1568 1013 1637; x_wconf 92' lang='lat' dir='ltr'><strong>in</strong></span> <span class='ocrx_word' id='word_1_79' title='bbox 1038 1569 1188 1636; x_wconf 82' lang='lat' dir='ltr'><strong>futurum</strong></span> <span class='ocrx_word' id='word_1_80' title='bbox 1218 1569 1393 1638; x_wconf 89' lang='lat' dir='ltr'><strong>faciendus</strong></span> <span class='ocrx_word' id='word_1_81' title='bbox 1416 1568 1494 1639; x_wconf 91' lang='lat' dir='ltr'><strong>inde</strong></span> <span class='ocrx_word' id='word_1_82' title='bbox 1521 1569 1632 1638; x_wconf 89' lang='lat' dir='ltr'><strong>dictus</strong></span> <span class='ocrx_word' id='word_1_83' title='bbox 1661 1567 1859 1654; x_wconf 84' lang='lat' dir='ltr'><strong>capellanus</strong></span> <span class='ocrx_word' id='word_1_84' title='bbox 1881 1566 1938 1654; x_wconf 90' lang='lat' dir='ltr'><strong>qui</strong></span> <span class='ocrx_word' id='word_1_85' title='bbox 1963 1587 2022 1652; x_wconf 92' lang='lat' dir='ltr'><strong>pro</strong></span> 
     </span>
     <span class='ocr_line' id='line_1_10' title="bbox 662 1673 2022 1762; baseline -0.004 -18"><span class='ocrx_word' id='word_1_86' title='bbox 662 1685 815 1762; x_wconf 89' lang='lat' dir='ltr'><strong>tempore</strong></span> <span class='ocrx_word' id='word_1_87' title='bbox 834 1675 933 1744; x_wconf 86' lang='lat' dir='ltr'><strong>luerit</strong></span> <span class='ocrx_word' id='word_1_88' title='bbox 960 1697 1021 1762; x_wconf 89' lang='lat' dir='ltr'><strong>pro</strong></span> <span class='ocrx_word' id='word_1_89' title='bbox 1044 1675 1155 1744; x_wconf 89' lang='lat' dir='ltr'><strong>salute</strong></span> <span class='ocrx_word' id='word_1_90' title='bbox 1177 1675 1290 1744; x_wconf 88' lang='lat' dir='ltr'><strong>anime</strong></span> <span class='ocrx_word' id='word_1_91' title='bbox 1313 1697 1387 1744; x_wconf 88' lang='lat' dir='ltr'><strong>mee</strong></span> <span class='ocrx_word' id='word_1_92' title='bbox 1407 1686 1441 1744; x_wconf 94' lang='lat' dir='ltr'><strong>et</strong></span> <span class='ocrx_word' id='word_1_93' title='bbox 1462 1675 1653 1744; x_wconf 89' lang='lat' dir='ltr'><strong>animarum</strong></span> <span class='ocrx_word' id='word_1_94' title='bbox 1668 1673 1821 1742; x_wconf 89' lang='lat' dir='ltr'><strong>omnium</strong></span> <span class='ocrx_word' id='word_1_95' title='bbox 1843 1681 2022 1760; x_wconf 89' lang='lat' dir='ltr'><strong>parentum</strong></span> 
     </span>
     <span class='ocr_line' id='line_1_11' title="bbox 663 1773 2024 1864; baseline -0.003 -16"><span class='ocrx_word' id='word_1_96' title='bbox 663 1773 850 1849; x_wconf 73' lang='lat' dir='ltr'><strong>amicorum</strong></span> <span class='ocrx_word' id='word_1_97' title='bbox 877 1801 1030 1848; x_wconf 88' lang='lat' dir='ltr'><strong>meorum</strong></span> <span class='ocrx_word' id='word_1_98' title='bbox 1058 1802 1098 1847; x_wconf 93' lang='lat' dir='ltr'><strong>ac</strong></span> <span class='ocrx_word' id='word_1_99' title='bbox 1124 1779 1276 1848; x_wconf 92' lang='lat' dir='ltr'><strong>omnium</strong></span> <span class='ocrx_word' id='word_1_100' title='bbox 1302 1780 1452 1849; x_wconf 88' lang='lat' dir='ltr'><strong>fidelium</strong></span> <span class='ocrx_word' id='word_1_101' title='bbox 1483 1781 1718 1850; x_wconf 79' lang='lat' dir='ltr'><strong>defunctorum</strong></span> <span class='ocrx_word' id='word_1_102' title='bbox 1744 1781 1811 1848; x_wconf 93' lang='lat' dir='ltr'><strong>duo</strong></span> <span class='ocrx_word' id='word_1_103' title='bbox 1836 1775 2024 1864; x_wconf 84' lang='lat' dir='ltr'><strong>trigintalia</strong></span> 
     </span>
     <span class='ocr_line' id='line_1_12' title="bbox 663 1883 2026 1972; baseline -0.004 -19"><span class='ocrx_word' id='word_1_104' title='bbox 663 1885 843 1953; x_wconf 89' lang='lat' dir='ltr'><strong>missarum</strong></span> <span class='ocrx_word' id='word_1_105' title='bbox 874 1907 935 1972; x_wconf 91' lang='lat' dir='ltr'><strong>pro</strong></span> <span class='ocrx_word' id='word_1_106' title='bbox 964 1885 1084 1970; x_wconf 88' lang='lat' dir='ltr'><strong>viginti</strong></span> <span class='ocrx_word' id='word_1_107' title='bbox 1114 1885 1231 1954; x_wconf 92' lang='lat' dir='ltr'><strong>solidis</strong></span> <span class='ocrx_word' id='word_1_108' title='bbox 1260 1907 1450 1954; x_wconf 88' lang='lat' dir='ltr'><strong>annuorum</strong></span> <span class='ocrx_word' id='word_1_109' title='bbox 1487 1884 1679 1954; x_wconf 87' lang='lat' dir='ltr'><strong>reddituum</strong></span> <span class='ocrx_word' id='word_1_110' title='bbox 1708 1883 1936 1970; x_wconf 91' lang='lat' dir='ltr'><strong>predictorum</strong></span> <span class='ocrx_word' id='word_1_111' title='bbox 1965 1901 2026 1966; x_wconf 94' lang='lat' dir='ltr'><strong>per</strong></span> 
     </span>
     <span class='ocr_line' id='line_1_13' title="bbox 662 1985 2024 2078; baseline -0.006 -18"><span class='ocrx_word' id='word_1_112' title='bbox 662 1990 858 2078; x_wconf 87' lang='lat' dir='ltr'><strong>capellanos</strong></span> <span class='ocrx_word' id='word_1_113' title='bbox 887 1989 1028 2058; x_wconf 89' lang='lat' dir='ltr'><strong>ecclesie</strong></span> <span class='ocrx_word' id='word_1_114' title='bbox 1054 1989 1203 2075; x_wconf 86' lang='lat' dir='ltr'><strong>predicte</strong></span> <span class='ocrx_word' id='word_1_115' title='bbox 1229 1989 1264 2057; x_wconf 91' lang='lat' dir='ltr'><strong>in</strong></span> <span class='ocrx_word' id='word_1_116' title='bbox 1290 2000 1442 2077; x_wconf 87' lang='lat' dir='ltr'><strong>tempore</strong></span> <span class='ocrx_word' id='word_1_117' title='bbox 1468 1989 1581 2060; x_wconf 90' lang='lat' dir='ltr'><strong>obitus</strong></span> <span class='ocrx_word' id='word_1_118' title='bbox 1606 1989 1679 2059; x_wconf 92' lang='lat' dir='ltr'><strong>siue</strong></span> <span class='ocrx_word' id='word_1_119' title='bbox 1706 1987 1927 2057; x_wconf 88' lang='lat' dir='ltr'><strong>anniuersarii</strong></span> <span class='ocrx_word' id='word_1_120' title='bbox 1957 1985 2024 2052; x_wconf 90' lang='lat' dir='ltr'><strong>mei</strong></span> 
     </span>
     <span class='ocr_line' id='line_1_14' title="bbox 663 2091 2023 2182; baseline -0.005 -17"><span class='ocrx_word' id='word_1_121' title='bbox 663 2095 841 2166; x_wconf 86' lang='lat' dir='ltr'><strong>annuatim</strong></span> <span class='ocrx_word' id='word_1_122' title='bbox 857 2095 1027 2164; x_wconf 91' lang='lat' dir='ltr'><strong>celebrare</strong></span> <span class='ocrx_word' id='word_1_123' title='bbox 1048 2096 1094 2162; x_wconf 89' lang='lat' dir='ltr'><strong>Et</strong></span> <span class='ocrx_word' id='word_1_124' title='bbox 1115 2117 1175 2182; x_wconf 90' lang='lat' dir='ltr'><strong>pro</strong></span> <span class='ocrx_word' id='word_1_125' title='bbox 1190 2095 1346 2164; x_wconf 79' lang='lat' dir='ltr'><strong>undecim</strong></span> <span class='ocrx_word' id='word_1_126' title='bbox 1362 2095 1479 2164; x_wconf 89' lang='lat' dir='ltr'><strong>solidis</strong></span> <span class='ocrx_word' id='word_1_127' title='bbox 1494 2105 1527 2163; x_wconf 91' lang='lat' dir='ltr'><strong>et</strong></span> <span class='ocrx_word' id='word_1_128' title='bbox 1543 2104 1621 2164; x_wconf 91' lang='lat' dir='ltr'><strong>octo</strong></span> <span class='ocrx_word' id='word_1_129' title='bbox 1635 2094 1785 2181; x_wconf 87' lang='lat' dir='ltr'><strong>denarijs</strong></span> <span class='ocrx_word' id='word_1_130' title='bbox 1801 2091 2023 2162; x_wconf 89' lang='lat' dir='ltr'><strong>Restantibus</strong></span> 
     </span>
     <span class='ocr_line' id='line_1_15' title="bbox 663 2197 2056 2286; baseline -0.004 -16"><span class='ocrx_word' id='word_1_131' title='bbox 663 2204 705 2270; x_wconf 93' lang='lat' dir='ltr'><strong>de</strong></span> <span class='ocrx_word' id='word_1_132' title='bbox 720 2201 843 2270; x_wconf 87' lang='lat' dir='ltr'><strong>annuis</strong></span> <span class='ocrx_word' id='word_1_133' title='bbox 857 2199 1044 2269; x_wconf 91' lang='lat' dir='ltr'><strong>redditibus</strong></span> <span class='ocrx_word' id='word_1_134' title='bbox 1059 2199 1219 2286; x_wconf 87' lang='lat' dir='ltr'><strong>predictis</strong></span> <span class='ocrx_word' id='word_1_135' title='bbox 1233 2221 1335 2268; x_wconf 87' lang='lat' dir='ltr'><strong>vnam</strong></span> <span class='ocrx_word' id='word_1_136' title='bbox 1353 2200 1493 2268; x_wconf 88' lang='lat' dir='ltr'><strong>missam</strong></span> <span class='ocrx_word' id='word_1_137' title='bbox 1510 2201 1683 2268; x_wconf 86' lang='lat' dir='ltr'><strong>solennem</strong></span> <span class='ocrx_word' id='word_1_138' title='bbox 1707 2209 1852 2286; x_wconf 91' lang='lat' dir='ltr'><strong>quatuor</strong></span> <span class='ocrx_word' id='word_1_139' title='bbox 1873 2197 2024 2267; x_wconf 89' lang='lat' dir='ltr'><strong>candelis</strong></span> <span class='ocrx_word' id='word_1_140' title='bbox 2052 2268 2056 2280; x_wconf 65' lang='grc'>,</span> 
     </span>
     <span class='ocr_line' id='line_1_16' title="bbox 663 2303 2023 2392; baseline -0.004 -18"><span class='ocrx_word' id='word_1_141' title='bbox 663 2307 768 2374; x_wconf 89' lang='lat' dir='ltr'><strong>sereis</strong></span> <span class='ocrx_word' id='word_1_142' title='bbox 782 2305 935 2374; x_wconf 86' lang='lat' dir='ltr'><strong>honestis</strong></span> <span class='ocrx_word' id='word_1_143' title='bbox 950 2315 984 2372; x_wconf 94' lang='lat' dir='ltr'><strong>et</strong></span> <span class='ocrx_word' id='word_1_144' title='bbox 1000 2305 1244 2374; x_wconf 90' lang='lat' dir='ltr'><strong>sufficientibus</strong></span> <span class='ocrx_word' id='word_1_145' title='bbox 1259 2327 1344 2392; x_wconf 89' lang='lat' dir='ltr'><strong>quas</strong></span> <span class='ocrx_word' id='word_1_146' title='bbox 1356 2306 1445 2374; x_wconf 90' lang='lat' dir='ltr'><strong>idern</strong></span> <span class='ocrx_word' id='word_1_147' title='bbox 1462 2307 1669 2392; x_wconf 88' lang='lat' dir='ltr'><strong>Capellanus</strong></span> <span class='ocrx_word' id='word_1_148' title='bbox 1684 2306 1754 2374; x_wconf 89' lang='lat' dir='ltr'><strong>suis</strong></span> <span class='ocrx_word' id='word_1_149' title='bbox 1770 2305 1916 2392; x_wconf 91' lang='lat' dir='ltr'><strong>sumptis</strong></span> <span class='ocrx_word' id='word_1_150' title='bbox 1931 2303 2023 2372; x_wconf 89' lang='lat' dir='ltr'><strong>dabit</strong></span> 
     </span>
     <span class='ocr_line' id='line_1_17' title="bbox 663 2407 2023 2480; baseline -0.001 -2"><span class='ocrx_word' id='word_1_151' title='bbox 663 2421 697 2478; x_wconf 90' lang='lat' dir='ltr'><strong>et</strong></span> <span class='ocrx_word' id='word_1_152' title='bbox 714 2411 869 2479; x_wconf 89' lang='lat' dir='ltr'><strong>Inueniet</strong></span> <span class='ocrx_word' id='word_1_153' title='bbox 885 2410 1081 2480; x_wconf 82' lang='lat' dir='ltr'><strong>ardentibus</strong></span> <span class='ocrx_word' id='word_1_154' title='bbox 1095 2421 1131 2478; x_wconf 87' lang='lat' dir='ltr'><strong>vt</strong></span> <span class='ocrx_word' id='word_1_155' title='bbox 1148 2410 1251 2478; x_wconf 92' lang='lat' dir='ltr'><strong>moris</strong></span> <span class='ocrx_word' id='word_1_156' title='bbox 1273 2421 1326 2478; x_wconf 92' lang='lat' dir='ltr'><strong>est</strong></span> <span class='ocrx_word' id='word_1_157' title='bbox 1349 2411 1383 2478; x_wconf 92' lang='lat' dir='ltr'><strong>in</strong></span> <span class='ocrx_word' id='word_1_158' title='bbox 1405 2412 1496 2480; x_wconf 88' lang='lat' dir='ltr'><strong>dicta</strong></span> <span class='ocrx_word' id='word_1_159' title='bbox 1516 2411 1660 2480; x_wconf 89' lang='lat' dir='ltr'><strong>ecclesia</strong></span> <span class='ocrx_word' id='word_1_160' title='bbox 1679 2411 1715 2478; x_wconf 92' lang='lat' dir='ltr'><strong>in</strong></span> <span class='ocrx_word' id='word_1_161' title='bbox 1731 2413 1849 2480; x_wconf 88' lang='lat' dir='ltr'><strong>eodem</strong></span> <span class='ocrx_word' id='word_1_162' title='bbox 1868 2407 2023 2478; x_wconf 90' lang='lat' dir='ltr'><strong>anniuer-</strong></span> 
     </span>
    </p>
   </div>
   <div class='ocr_carea' id='block_1_3' title="bbox 663 2515 2030 4707">
    <p class='ocr_par' dir='ltr' id='par_1_3' title="bbox 663 2515 2030 4707">
     <span class='ocr_line' id='line_1_18' title="bbox 664 2515 2022 2604; baseline -0.004 -19"><span class='ocrx_word' id='word_1_163' title='bbox 664 2515 753 2586; x_wconf 82' lang='lat' dir='ltr'><strong>sario</strong></span> <span class='ocrx_word' id='word_1_164' title='bbox 785 2538 847 2604; x_wconf 90' lang='lat' dir='ltr'><strong>pro</strong></span> <span class='ocrx_word' id='word_1_165' title='bbox 880 2516 1060 2584; x_wconf 85' lang='lat' dir='ltr'><strong>animabus</strong></span> <span class='ocrx_word' id='word_1_166' title='bbox 1093 2515 1254 2601; x_wconf 91' lang='lat' dir='ltr'><strong>predictis</strong></span> <span class='ocrx_word' id='word_1_167' title='bbox 1290 2515 1467 2584; x_wconf 88' lang='lat' dir='ltr'><strong>annuatim</strong></span> <span class='ocrx_word' id='word_1_168' title='bbox 1505 2516 1687 2585; x_wconf 87' lang='lat' dir='ltr'><strong>celebrabit</strong></span> <span class='ocrx_word' id='word_1_169' title='bbox 1725 2526 1784 2584; x_wconf 90' lang='lat' dir='ltr'><strong>aut</strong></span> <span class='ocrx_word' id='word_1_170' title='bbox 1822 2537 1882 2602; x_wconf 92' lang='lat' dir='ltr'><strong>per</strong></span> <span class='ocrx_word' id='word_1_171' title='bbox 1918 2515 2022 2582; x_wconf 88' lang='lat' dir='ltr'><strong>alium</strong></span> 
     </span>
     <span class='ocr_line' id='line_1_19' title="bbox 663 2617 2024 2707; baseline -0.001 -21"><span class='ocrx_word' id='word_1_172' title='bbox 663 2621 832 2706; x_wconf 92' lang='lat' dir='ltr'><strong>ydoneum</strong></span> <span class='ocrx_word' id='word_1_173' title='bbox 854 2617 955 2686; x_wconf 86' lang='lat' dir='ltr'><strong>laciet</strong></span> <span class='ocrx_word' id='word_1_174' title='bbox 980 2617 1141 2686; x_wconf 89' lang='lat' dir='ltr'><strong>celebrari</strong></span> <span class='ocrx_word' id='word_1_175' title='bbox 1169 2641 1209 2686; x_wconf 91' lang='lat' dir='ltr'><strong>ac</strong></span> <span class='ocrx_word' id='word_1_176' title='bbox 1235 2619 1343 2688; x_wconf 89' lang='lat' dir='ltr'><strong>eciam</strong></span> <span class='ocrx_word' id='word_1_177' title='bbox 1370 2619 1456 2688; x_wconf 91' lang='lat' dir='ltr'><strong>alias</strong></span> <span class='ocrx_word' id='word_1_178' title='bbox 1482 2641 1599 2706; x_wconf 90' lang='lat' dir='ltr'><strong>preces</strong></span> <span class='ocrx_word' id='word_1_179' title='bbox 1625 2619 1786 2707; x_wconf 90' lang='lat' dir='ltr'><strong>predictis</strong></span> <span class='ocrx_word' id='word_1_180' title='bbox 1812 2621 1930 2688; x_wconf 87' lang='lat' dir='ltr'><strong>fundet</strong></span> <span class='ocrx_word' id='word_1_181' title='bbox 1954 2617 2024 2686; x_wconf 89' lang='lat' dir='ltr'><strong>ani-</strong></span> 
     </span>
     <span class='ocr_line' id='line_1_20' title="bbox 665 2723 2025 2812; baseline -0.001 -20"><span class='ocrx_word' id='word_1_182' title='bbox 665 2727 786 2794; x_wconf 87' lang='lat' dir='ltr'><strong>mabus</strong></span> <span class='ocrx_word' id='word_1_183' title='bbox 801 2724 924 2792; x_wconf 90' lang='lat' dir='ltr'><strong>annuis</strong></span> <span class='ocrx_word' id='word_1_184' title='bbox 938 2723 1125 2792; x_wconf 86' lang='lat' dir='ltr'><strong>redditibus</strong></span> <span class='ocrx_word' id='word_1_185' title='bbox 1140 2725 1301 2811; x_wconf 86' lang='lat' dir='ltr'><strong>predictis</strong></span> <span class='ocrx_word' id='word_1_186' title='bbox 1316 2725 1539 2792; x_wconf 90' lang='lat' dir='ltr'><strong>consideratis</strong></span> <span class='ocrx_word' id='word_1_187' title='bbox 1553 2735 1653 2812; x_wconf 91' lang='lat' dir='ltr'><strong>prout</strong></span> <span class='ocrx_word' id='word_1_188' title='bbox 1665 2725 1808 2794; x_wconf 90' lang='lat' dir='ltr'><strong>voluerit</strong></span> <span class='ocrx_word' id='word_1_189' title='bbox 1823 2725 1858 2792; x_wconf 94' lang='lat' dir='ltr'><strong>in</strong></span> <span class='ocrx_word' id='word_1_190' title='bbox 1874 2735 2025 2792; x_wconf 87' lang='lat' dir='ltr'><strong>extremo</strong></span> 
     </span>
     <span class='ocr_line' id='line_1_21' title="bbox 664 2827 2025 2917; baseline -0.001 -21"><span class='ocrx_word' id='word_1_191' title='bbox 664 2831 840 2898; x_wconf 89' lang='lat' dir='ltr'><strong>tremendo</strong></span> <span class='ocrx_word' id='word_1_192' title='bbox 864 2829 994 2898; x_wconf 93' lang='lat' dir='ltr'><strong>Iudicio</strong></span> <span class='ocrx_word' id='word_1_193' title='bbox 1016 2851 1131 2898; x_wconf 91' lang='lat' dir='ltr'><strong>coram</strong></span> <span class='ocrx_word' id='word_1_194' title='bbox 1155 2851 1289 2897; x_wconf 89' lang='lat' dir='ltr'><strong>summo</strong></span> <span class='ocrx_word' id='word_1_195' title='bbox 1313 2829 1428 2898; x_wconf 89' lang='lat' dir='ltr'><strong>Iudice</strong></span> <span class='ocrx_word' id='word_1_196' title='bbox 1451 2832 1669 2917; x_wconf 78' lang='lat' dir='ltr'><strong>Respondete</strong></span> <span class='ocrx_word' id='word_1_197' title='bbox 1691 2841 1826 2898; x_wconf 90' lang='lat' dir='ltr'><strong>tantum</strong></span> <span class='ocrx_word' id='word_1_198' title='bbox 1850 2851 1910 2916; x_wconf 92' lang='lat' dir='ltr'><strong>pro</strong></span> <span class='ocrx_word' id='word_1_199' title='bbox 1932 2827 2025 2896; x_wconf 91' lang='lat' dir='ltr'><strong>omni</strong></span> 
     </span>
     <span class='ocr_line' id='line_1_22' title="bbox 664 2933 2026 3023; baseline 0 -22"><span class='ocrx_word' id='word_1_200' title='bbox 664 2934 731 3002; x_wconf 87' lang='lat' dir='ltr'><strong>alio</strong></span> <span class='ocrx_word' id='word_1_201' title='bbox 761 2935 905 3003; x_wconf 90' lang='lat' dir='ltr'><strong>seruicio</strong></span> <span class='ocrx_word' id='word_1_202' title='bbox 935 2935 1077 3022; x_wconf 89' lang='lat' dir='ltr'><strong>secularj</strong></span> <span class='ocrx_word' id='word_1_203' title='bbox 1110 2935 1284 3004; x_wconf 86' lang='lat' dir='ltr'><strong>exactione</strong></span> <span class='ocrx_word' id='word_1_204' title='bbox 1319 2935 1373 3004; x_wconf 95' lang='lat' dir='ltr'><strong>uel</strong></span> <span class='ocrx_word' id='word_1_205' title='bbox 1407 2937 1576 3004; x_wconf 88' lang='lat' dir='ltr'><strong>demanda</strong></span> <span class='ocrx_word' id='word_1_206' title='bbox 1606 2958 1672 3023; x_wconf 91' lang='lat' dir='ltr'><strong>que</strong></span> <span class='ocrx_word' id='word_1_207' title='bbox 1702 2939 1744 3004; x_wconf 91' lang='lat' dir='ltr'><strong>de</strong></span> <span class='ocrx_word' id='word_1_208' title='bbox 1774 2935 1874 3004; x_wconf 89' lang='lat' dir='ltr'><strong>dictis</strong></span> <span class='ocrx_word' id='word_1_209' title='bbox 1903 2933 2026 3004; x_wconf 84' lang='lat' dir='ltr'><strong>annuis</strong></span> 
     </span>
     <span class='ocr_line' id='line_1_23' title="bbox 664 3037 2025 3128; baseline -0.001 -20"><span class='ocrx_word' id='word_1_210' title='bbox 664 3039 851 3109; x_wconf 89' lang='lat' dir='ltr'><strong>redditibus</strong></span> <span class='ocrx_word' id='word_1_211' title='bbox 876 3060 955 3108; x_wconf 88' lang='lat' dir='ltr'><strong>cum</strong></span> <span class='ocrx_word' id='word_1_212' title='bbox 982 3040 1200 3126; x_wconf 89' lang='lat' dir='ltr'><strong>pertinenciis</strong></span> <span class='ocrx_word' id='word_1_213' title='bbox 1226 3061 1286 3127; x_wconf 91' lang='lat' dir='ltr'><strong>per</strong></span> <span class='ocrx_word' id='word_1_214' title='bbox 1308 3063 1527 3128; x_wconf 89' lang='lat' dir='ltr'><strong>quoscunque</strong></span> <span class='ocrx_word' id='word_1_215' title='bbox 1554 3041 1745 3127; x_wconf 89' lang='lat' dir='ltr'><strong>aliqualiter</strong></span> <span class='ocrx_word' id='word_1_216' title='bbox 1767 3040 1855 3128; x_wconf 86' lang='lat' dir='ltr'><strong>exigi</strong></span> <span class='ocrx_word' id='word_1_217' title='bbox 1878 3037 2025 3126; x_wconf 91' lang='lat' dir='ltr'><strong>poterint</strong></span> 
     </span>
     <span class='ocr_line' id='line_1_24' title="bbox 665 3143 2027 3233; baseline -0.001 -21"><span class='ocrx_word' id='word_1_218' title='bbox 665 3154 725 3213; x_wconf 90' lang='lat' dir='ltr'><strong>aut</strong></span> <span class='ocrx_word' id='word_1_219' title='bbox 750 3143 873 3230; x_wconf 88' lang='lat' dir='ltr'><strong>requirj</strong></span> <span class='ocrx_word' id='word_1_220' title='bbox 906 3146 952 3210; x_wconf 92' lang='lat' dir='ltr'><strong>Et</strong></span> <span class='ocrx_word' id='word_1_221' title='bbox 982 3165 1045 3231; x_wconf 89' lang='lat' dir='ltr'><strong>ego</strong></span> <span class='ocrx_word' id='word_1_222' title='bbox 1075 3165 1155 3212; x_wconf 88' lang='lat' dir='ltr'><strong>vero</strong></span> <span class='ocrx_word' id='word_1_223' title='bbox 1184 3145 1356 3231; x_wconf 86' lang='lat' dir='ltr'><strong>Angusius</strong></span> <span class='ocrx_word' id='word_1_224' title='bbox 1385 3147 1535 3233; x_wconf 87' lang='lat' dir='ltr'><strong>prelatus</strong></span> <span class='ocrx_word' id='word_1_225' title='bbox 1565 3156 1599 3214; x_wconf 91' lang='lat' dir='ltr'><strong>et</strong></span> <span class='ocrx_word' id='word_1_226' title='bbox 1629 3147 1770 3214; x_wconf 85' lang='lat' dir='ltr'><strong>heredes</strong></span> <span class='ocrx_word' id='word_1_227' title='bbox 1799 3144 1866 3214; x_wconf 93' lang='lat' dir='ltr'><strong>mei</strong></span> <span class='ocrx_word' id='word_1_228' title='bbox 1896 3156 1930 3212; x_wconf 90' lang='lat' dir='ltr'><strong>et</strong></span> <span class='ocrx_word' id='word_1_229' title='bbox 1960 3143 2027 3211; x_wconf 92' lang='lat' dir='ltr'><strong>mei</strong></span> 
     </span>
     <span class='ocr_line' id='line_1_25' title="bbox 664 3247 2026 3337; baseline 0 -21"><span class='ocrx_word' id='word_1_230' title='bbox 664 3247 829 3334; x_wconf 87' lang='lat' dir='ltr'><strong>assignatj</strong></span> <span class='ocrx_word' id='word_1_231' title='bbox 846 3257 938 3316; x_wconf 92' lang='lat' dir='ltr'><strong>totos</strong></span> <span class='ocrx_word' id='word_1_232' title='bbox 957 3258 991 3316; x_wconf 92' lang='lat' dir='ltr'><strong>et</strong></span> <span class='ocrx_word' id='word_1_233' title='bbox 1012 3249 1162 3336; x_wconf 90' lang='lat' dir='ltr'><strong>integros</strong></span> <span class='ocrx_word' id='word_1_234' title='bbox 1176 3249 1346 3336; x_wconf 90' lang='lat' dir='ltr'><strong>predictos</strong></span> <span class='ocrx_word' id='word_1_235' title='bbox 1361 3273 1493 3320; x_wconf 90' lang='lat' dir='ltr'><strong>annuos</strong></span> <span class='ocrx_word' id='word_1_236' title='bbox 1511 3251 1662 3320; x_wconf 89' lang='lat' dir='ltr'><strong>redditus</strong></span> <span class='ocrx_word' id='word_1_237' title='bbox 1682 3249 1856 3337; x_wconf 89' lang='lat' dir='ltr'><strong>prelibatis</strong></span> <span class='ocrx_word' id='word_1_238' title='bbox 1876 3249 1974 3334; x_wconf 87' lang='lat' dir='ltr'><strong>altarj</strong></span> <span class='ocrx_word' id='word_1_239' title='bbox 1991 3259 2026 3316; x_wconf 95' lang='lat' dir='ltr'><strong>et</strong></span> 
     </span>
     <span class='ocr_line' id='line_1_26' title="bbox 665 3353 2026 3441; baseline 0.002 -22"><span class='ocrx_word' id='word_1_240' title='bbox 665 3353 842 3440; x_wconf 89' lang='lat' dir='ltr'><strong>capellano</strong></span> <span class='ocrx_word' id='word_1_241' title='bbox 871 3362 990 3421; x_wconf 90' lang='lat' dir='ltr'><strong>contra</strong></span> <span class='ocrx_word' id='word_1_242' title='bbox 1015 3375 1134 3422; x_wconf 90' lang='lat' dir='ltr'><strong>omnes</strong></span> <span class='ocrx_word' id='word_1_243' title='bbox 1165 3355 1325 3422; x_wconf 86' lang='lat' dir='ltr'><strong>mortales</strong></span> <span class='ocrx_word' id='word_1_244' title='bbox 1351 3356 1665 3426; x_wconf 82' lang='lat' dir='ltr'><strong>warantizabimus</strong></span> <span class='ocrx_word' id='word_1_245' title='bbox 1694 3355 1963 3441; x_wconf 89' lang='lat' dir='ltr'><strong>acquietabimus</strong></span> <span class='ocrx_word' id='word_1_246' title='bbox 1992 3365 2026 3422; x_wconf 91' lang='lat' dir='ltr'><strong>et</strong></span> 
     </span>
     <span class='ocr_line' id='line_1_27' title="bbox 665 3457 2027 3545; baseline 0 -20"><span class='ocrx_word' id='word_1_247' title='bbox 665 3458 914 3545; x_wconf 88' lang='lat' dir='ltr'><strong>imperpetuum</strong></span> <span class='ocrx_word' id='word_1_248' title='bbox 936 3479 996 3545; x_wconf 88' lang='lat' dir='ltr'><strong>per</strong></span> <span class='ocrx_word' id='word_1_249' title='bbox 1021 3459 1137 3528; x_wconf 89' lang='lat' dir='ltr'><strong>omnia</strong></span> <span class='ocrx_word' id='word_1_250' title='bbox 1163 3462 1251 3528; x_wconf 90' lang='lat' dir='ltr'><strong>bona</strong></span> <span class='ocrx_word' id='word_1_251' title='bbox 1277 3469 1393 3528; x_wconf 91' lang='lat' dir='ltr'><strong>nostra</strong></span> <span class='ocrx_word' id='word_1_252' title='bbox 1420 3459 1558 3529; x_wconf 89' lang='lat' dir='ltr'><strong>mobilia</strong></span> <span class='ocrx_word' id='word_1_253' title='bbox 1580 3471 1614 3528; x_wconf 91' lang='lat' dir='ltr'><strong>et</strong></span> <span class='ocrx_word' id='word_1_254' title='bbox 1637 3459 1825 3528; x_wconf 90' lang='lat' dir='ltr'><strong>immobilia</strong></span> <span class='ocrx_word' id='word_1_255' title='bbox 1850 3457 1967 3527; x_wconf 88' lang='lat' dir='ltr'><strong>habita</strong></span> <span class='ocrx_word' id='word_1_256' title='bbox 1993 3467 2027 3524; x_wconf 93' lang='lat' dir='ltr'><strong>et</strong></span> 
     </span>
     <span class='ocr_line' id='line_1_28' title="bbox 665 3563 2026 3652; baseline 0 -22"><span class='ocrx_word' id='word_1_257' title='bbox 665 3564 822 3632; x_wconf 87' lang='lat' dir='ltr'><strong>habenda</strong></span> <span class='ocrx_word' id='word_1_258' title='bbox 836 3563 980 3631; x_wconf 89' lang='lat' dir='ltr'><strong>fideliter</strong></span> <span class='ocrx_word' id='word_1_259' title='bbox 995 3565 1214 3634; x_wconf 89' lang='lat' dir='ltr'><strong>defendemus</strong></span> <span class='ocrx_word' id='word_1_260' title='bbox 1236 3569 1277 3634; x_wconf 94' lang='lat' dir='ltr'><strong>In</strong></span> <span class='ocrx_word' id='word_1_261' title='bbox 1298 3565 1394 3634; x_wconf 91' lang='lat' dir='ltr'><strong>cuius</strong></span> <span class='ocrx_word' id='word_1_262' title='bbox 1414 3565 1463 3634; x_wconf 90' lang='lat' dir='ltr'><strong>rei</strong></span> <span class='ocrx_word' id='word_1_263' title='bbox 1482 3566 1716 3636; x_wconf 89' lang='lat' dir='ltr'><strong>testimonium</strong></span> <span class='ocrx_word' id='word_1_264' title='bbox 1738 3565 1895 3652; x_wconf 86' lang='lat' dir='ltr'><strong>Sigillum</strong></span> <span class='ocrx_word' id='word_1_265' title='bbox 1914 3585 2026 3632; x_wconf 90' lang='lat' dir='ltr'><strong>meum</strong></span> 
     </span>
     <span class='ocr_line' id='line_1_29' title="bbox 665 3667 2026 3762; baseline 0 -28"><span class='ocrx_word' id='word_1_266' title='bbox 665 3667 814 3753; x_wconf 90' lang='lat' dir='ltr'><strong>presenti</strong></span> <span class='ocrx_word' id='word_1_267' title='bbox 829 3677 921 3762; x_wconf 90' lang='lat' dir='ltr'><strong>carte</strong></span> <span class='ocrx_word' id='word_1_268' title='bbox 937 3689 1012 3736; x_wconf 90' lang='lat' dir='ltr'><strong>mee</strong></span> <span class='ocrx_word' id='word_1_269' title='bbox 1026 3690 1172 3738; x_wconf 89' lang='lat' dir='ltr'><strong>vnacum</strong></span> <span class='ocrx_word' id='word_1_270' title='bbox 1191 3670 1302 3757; x_wconf 90' lang='lat' dir='ltr'><strong>sigillo</strong></span> <span class='ocrx_word' id='word_1_271' title='bbox 1324 3671 1488 3740; x_wconf 82' lang='lat' dir='ltr'><strong>iohannis</strong></span> <span class='ocrx_word' id='word_1_272' title='bbox 1503 3673 1544 3739; x_wconf 91' lang='lat' dir='ltr'><strong>de</strong></span> <span class='ocrx_word' id='word_1_273' title='bbox 1560 3671 1615 3738; x_wconf 87' lang='lat' dir='ltr'><strong>file</strong></span> <span class='ocrx_word' id='word_1_274' title='bbox 1630 3670 1808 3757; x_wconf 89' lang='lat' dir='ltr'><strong>burgensis</strong></span> <span class='ocrx_word' id='word_1_275' title='bbox 1828 3669 1910 3738; x_wconf 91' lang='lat' dir='ltr'><strong>dicti</strong></span> <span class='ocrx_word' id='word_1_276' title='bbox 1930 3667 2026 3754; x_wconf 81' lang='lat' dir='ltr'><strong>burgi</strong></span> 
     </span>
     <span class='ocr_line' id='line_1_30' title="bbox 666 3772 2028 3862; baseline 0.001 -24"><span class='ocrx_word' id='word_1_277' title='bbox 666 3793 726 3858; x_wconf 93' lang='lat' dir='ltr'><strong>per</strong></span> <span class='ocrx_word' id='word_1_278' title='bbox 741 3772 908 3858; x_wconf 88' lang='lat' dir='ltr'><strong>prelatum</strong></span> <span class='ocrx_word' id='word_1_279' title='bbox 926 3773 1114 3843; x_wconf 89' lang='lat' dir='ltr'><strong>Iohannem</strong></span> <span class='ocrx_word' id='word_1_280' title='bbox 1135 3775 1243 3844; x_wconf 90' lang='lat' dir='ltr'><strong>filium</strong></span> <span class='ocrx_word' id='word_1_281' title='bbox 1260 3775 1423 3846; x_wconf 91' lang='lat' dir='ltr'><strong>Iohannis</strong></span> <span class='ocrx_word' id='word_1_282' title='bbox 1443 3779 1650 3846; x_wconf 89' lang='lat' dir='ltr'><strong>adamesoun</strong></span> <span class='ocrx_word' id='word_1_283' title='bbox 1673 3775 1807 3862; x_wconf 88' lang='lat' dir='ltr'><strong>nepotis</strong></span> <span class='ocrx_word' id='word_1_284' title='bbox 1830 3774 1897 3842; x_wconf 89' lang='lat' dir='ltr'><strong>mei</strong></span> <span class='ocrx_word' id='word_1_285' title='bbox 1912 3773 1946 3840; x_wconf 94' lang='lat' dir='ltr'><strong>in</strong></span> <span class='ocrx_word' id='word_1_286' title='bbox 1962 3784 2028 3842; x_wconf 92' lang='lat' dir='ltr'><strong>tes·</strong></span> 
     </span>
     <span class='ocr_line' id='line_1_31' title="bbox 665 3876 2029 3970; baseline 0.001 -26"><span class='ocrx_word' id='word_1_287' title='bbox 665 3876 845 3946; x_wconf 88' lang='lat' dir='ltr'><strong>timonium</strong></span> <span class='ocrx_word' id='word_1_288' title='bbox 867 3877 919 3948; x_wconf 90' lang='lat' dir='ltr'><strong>sui</strong></span> <span class='ocrx_word' id='word_1_289' title='bbox 934 3901 1122 3948; x_wconf 88' lang='lat' dir='ltr'><strong>consensus</strong></span> <span class='ocrx_word' id='word_1_290' title='bbox 1136 3884 1180 3951; x_wconf 89' lang='lat' dir='ltr'><strong>ob</strong></span> <span class='ocrx_word' id='word_1_291' title='bbox 1195 3883 1363 3951; x_wconf 88' lang='lat' dir='ltr'><strong>deiectum</strong></span> <span class='ocrx_word' id='word_1_292' title='bbox 1380 3883 1505 3970; x_wconf 86' lang='lat' dir='ltr'><strong>proprij</strong></span> <span class='ocrx_word' id='word_1_293' title='bbox 1526 3881 1626 3968; x_wconf 89' lang='lat' dir='ltr'><strong>sigilli</strong></span> <span class='ocrx_word' id='word_1_294' title='bbox 1643 3903 1720 3950; x_wconf 88' lang='lat' dir='ltr'><strong>curn</strong></span> <span class='ocrx_word' id='word_1_295' title='bbox 1736 3879 1901 3950; x_wconf 86' lang='lat' dir='ltr'><strong>instantia</strong></span> <span class='ocrx_word' id='word_1_296' title='bbox 1915 3877 2029 3947; x_wconf 89' lang='lat' dir='ltr'><strong>debita</strong></span> 
     </span>
     <span class='ocr_line' id='line_1_32' title="bbox 666 3983 2027 4070; baseline 0.004 -25"><span class='ocrx_word' id='word_1_297' title='bbox 666 3989 883 4065; x_wconf 89' lang='lat' dir='ltr'><strong>procuratum</strong></span> <span class='ocrx_word' id='word_1_298' title='bbox 905 3993 957 4050; x_wconf 88' lang='lat' dir='ltr'><strong>est</strong></span> <span class='ocrx_word' id='word_1_299' title='bbox 980 4005 1168 4070; x_wconf 88' lang='lat' dir='ltr'><strong>appensum</strong></span> <span class='ocrx_word' id='word_1_300' title='bbox 1193 3987 1240 4054; x_wconf 91' lang='lat' dir='ltr'><strong>Et</strong></span> <span class='ocrx_word' id='word_1_301' title='bbox 1263 3989 1306 4056; x_wconf 79' lang='lat' dir='ltr'><strong>ad</strong></span> <span class='ocrx_word' id='word_1_302' title='bbox 1329 3987 1492 4056; x_wconf 88' lang='lat' dir='ltr'><strong>maiorem</strong></span> <span class='ocrx_word' id='word_1_303' title='bbox 1516 3986 1727 4055; x_wconf 91' lang='lat' dir='ltr'><strong>euidenciam</strong></span> <span class='ocrx_word' id='word_1_304' title='bbox 1750 3995 1784 4052; x_wconf 93' lang='lat' dir='ltr'><strong>et</strong></span> <span class='ocrx_word' id='word_1_305' title='bbox 1810 3983 2027 4052; x_wconf 87' lang='lat' dir='ltr'><strong>securitatem</strong></span> 
     </span>
     <span class='ocr_line' id='line_1_33' title="bbox 667 4084 2029 4178; baseline 0.001 -26"><span class='ocrx_word' id='word_1_306' title='bbox 667 4084 824 4171; x_wconf 86' lang='lat' dir='ltr'><strong>Sigillum</strong></span> <span class='ocrx_word' id='word_1_307' title='bbox 836 4087 1001 4156; x_wconf 91' lang='lat' dir='ltr'><strong>Willelmi</strong></span> <span class='ocrx_word' id='word_1_308' title='bbox 1017 4089 1155 4159; x_wconf 88' lang='lat' dir='ltr'><strong>scherar</strong></span> <span class='ocrx_word' id='word_1_309' title='bbox 1169 4091 1269 4158; x_wconf 90' lang='lat' dir='ltr'><strong>vnius</strong></span> <span class='ocrx_word' id='word_1_310' title='bbox 1284 4091 1485 4160; x_wconf 90' lang='lat' dir='ltr'><strong>balliuorum</strong></span> <span class='ocrx_word' id='word_1_311' title='bbox 1502 4091 1583 4160; x_wconf 91' lang='lat' dir='ltr'><strong>dicti</strong></span> <span class='ocrx_word' id='word_1_312' title='bbox 1599 4091 1695 4178; x_wconf 83' lang='lat' dir='ltr'><strong>burgi</strong></span> <span class='ocrx_word' id='word_1_313' title='bbox 1711 4101 1745 4158; x_wconf 94' lang='lat' dir='ltr'><strong>et</strong></span> <span class='ocrx_word' id='word_1_314' title='bbox 1761 4089 1888 4158; x_wconf 89' lang='lat' dir='ltr'><strong>datoris</strong></span> <span class='ocrx_word' id='word_1_315' title='bbox 1904 4089 2029 4156; x_wconf 88' lang='lat' dir='ltr'><strong>saisine</strong></span> 
     </span>
     <span class='ocr_line' id='line_1_34' title="bbox 666 4189 2030 4281; baseline 0.002 -25"><span class='ocrx_word' id='word_1_316' title='bbox 666 4199 700 4256; x_wconf 89' lang='lat' dir='ltr'><strong>et</strong></span> <span class='ocrx_word' id='word_1_317' title='bbox 724 4189 949 4275; x_wconf 89' lang='lat' dir='ltr'><strong>possessionis</strong></span> <span class='ocrx_word' id='word_1_318' title='bbox 971 4196 1179 4281; x_wconf 85' lang='lat' dir='ltr'><strong>procuratorj</strong></span> <span class='ocrx_word' id='word_1_319' title='bbox 1199 4195 1351 4264; x_wconf 87' lang='lat' dir='ltr'><strong>eiusdem</strong></span> <span class='ocrx_word' id='word_1_320' title='bbox 1374 4196 1491 4266; x_wconf 88' lang='lat' dir='ltr'><strong>altaris</strong></span> <span class='ocrx_word' id='word_1_321' title='bbox 1514 4199 1555 4266; x_wconf 94' lang='lat' dir='ltr'><strong>de</strong></span> <span class='ocrx_word' id='word_1_322' title='bbox 1577 4196 1678 4264; x_wconf 92' lang='lat' dir='ltr'><strong>dictis</strong></span> <span class='ocrx_word' id='word_1_323' title='bbox 1700 4195 1823 4264; x_wconf 92' lang='lat' dir='ltr'><strong>annuis</strong></span> <span class='ocrx_word' id='word_1_324' title='bbox 1843 4193 2030 4262; x_wconf 87' lang='lat' dir='ltr'><strong>redditibus</strong></span> 
     </span>
     <span class='ocr_line' id='line_1_35' title="bbox 667 4296 2028 4387; baseline -0.001 -23"><span class='ocrx_word' id='word_1_325' title='bbox 667 4317 745 4364; x_wconf 91' lang='lat' dir='ltr'><strong>cum</strong></span> <span class='ocrx_word' id='word_1_326' title='bbox 779 4296 997 4382; x_wconf 88' lang='lat' dir='ltr'><strong>pertinenciis</strong></span> <span class='ocrx_word' id='word_1_327' title='bbox 1026 4301 1150 4387; x_wconf 91' lang='lat' dir='ltr'><strong>apponi</strong></span> <span class='ocrx_word' id='word_1_328' title='bbox 1181 4301 1395 4386; x_wconf 89' lang='lat' dir='ltr'><strong>presentibus</strong></span> <span class='ocrx_word' id='word_1_329' title='bbox 1425 4325 1502 4370; x_wconf 91' lang='lat' dir='ltr'><strong>eum</strong></span> <span class='ocrx_word' id='word_1_330' title='bbox 1533 4301 1701 4370; x_wconf 89' lang='lat' dir='ltr'><strong>instancia</strong></span> <span class='ocrx_word' id='word_1_331' title='bbox 1731 4298 1908 4387; x_wconf 89' lang='lat' dir='ltr'><strong>procuraui</strong></span> <span class='ocrx_word' id='word_1_332' title='bbox 1938 4298 2028 4383; x_wconf 86' lang='lat' dir='ltr'><strong>apud</strong></span> 
     </span>
     <span class='ocr_line' id='line_1_36' title="bbox 668 4405 2028 4494; baseline -0.001 -23"><span class='ocrx_word' id='word_1_333' title='bbox 668 4405 811 4490; x_wconf 89' lang='lat' dir='ltr'><strong>burgum</strong></span> <span class='ocrx_word' id='word_1_334' title='bbox 838 4405 1026 4491; x_wconf 91' lang='lat' dir='ltr'><strong>predictum</strong></span> <span class='ocrx_word' id='word_1_335' title='bbox 1048 4407 1210 4476; x_wconf 88' lang='lat' dir='ltr'><strong>vicesimo</strong></span> <span class='ocrx_word' id='word_1_336' title='bbox 1234 4409 1340 4478; x_wconf 91' lang='lat' dir='ltr'><strong>tercio</strong></span> <span class='ocrx_word' id='word_1_337' title='bbox 1363 4410 1416 4478; x_wconf 91' lang='lat' dir='ltr'><strong>die</strong></span> <span class='ocrx_word' id='word_1_338' title='bbox 1439 4409 1567 4477; x_wconf 90' lang='lat' dir='ltr'><strong>mensis</strong></span> <span class='ocrx_word' id='word_1_339' title='bbox 1590 4408 1669 4494; x_wconf 90' lang='lat' dir='ltr'><strong>maij</strong></span> <span class='ocrx_word' id='word_1_340' title='bbox 1694 4427 1784 4474; x_wconf 87' lang='lat' dir='ltr'><strong>anno</strong></span> <span class='ocrx_word' id='word_1_341' title='bbox 1804 4405 1931 4474; x_wconf 90' lang='lat' dir='ltr'><strong>domini</strong></span> <span class='ocrx_word' id='word_1_342' title='bbox 1954 4405 2028 4472; x_wconf 90' lang='lat' dir='ltr'><strong>mil-</strong></span> 
     </span>
     <span class='ocr_line' id='line_1_37' title="bbox 667 4508 2029 4601; baseline 0.002 -26"><span class='ocrx_word' id='word_1_343' title='bbox 667 4508 788 4576; x_wconf 91' lang='lat' dir='ltr'><strong>lesimo</strong></span> <span class='ocrx_word' id='word_1_344' title='bbox 811 4510 1145 4596; x_wconf 86' lang='lat' dir='ltr'><strong>quadringentesimo</strong></span> <span class='ocrx_word' id='word_1_345' title='bbox 1166 4515 1425 4601; x_wconf 87' lang='lat' dir='ltr'><strong>quadragesimo</strong></span> <span class='ocrx_word' id='word_1_346' title='bbox 1443 4514 1605 4583; x_wconf 88' lang='lat' dir='ltr'><strong>Testibus</strong></span> <span class='ocrx_word' id='word_1_347' title='bbox 1626 4513 1770 4600; x_wconf 91' lang='lat' dir='ltr'><strong>gilberto</strong></span> <span class='ocrx_word' id='word_1_348' title='bbox 1793 4533 1929 4580; x_wconf 81' lang='lat' dir='ltr'><strong>menzes</strong></span> <span class='ocrx_word' id='word_1_349' title='bbox 1947 4521 2029 4578; x_wconf 91' lang='lat' dir='ltr'><strong>tunc</strong></span> 
     </span>
     <span class='ocr_line' id='line_1_38' title="bbox 668 4615 2027 4707; baseline 0.001 -27"><span class='ocrx_word' id='word_1_350' title='bbox 668 4615 838 4700; x_wconf 89' lang='lat' dir='ltr'><strong>preposito</strong></span> <span class='ocrx_word' id='word_1_351' title='bbox 861 4617 1012 4684; x_wconf 91' lang='lat' dir='ltr'><strong>Iohanne</strong></span> <span class='ocrx_word' id='word_1_352' title='bbox 1035 4619 1145 4688; x_wconf 87' lang='lat' dir='ltr'><strong>Waus</strong></span> <span class='ocrx_word' id='word_1_353' title='bbox 1168 4621 1286 4691; x_wconf 87' lang='lat' dir='ltr'><strong>thome</strong></span> <span class='ocrx_word' id='word_1_354' title='bbox 1304 4621 1450 4707; x_wconf 91' lang='lat' dir='ltr'><strong>kymedy</strong></span> <span class='ocrx_word' id='word_1_355' title='bbox 1472 4622 1628 4688; x_wconf 86' lang='lat' dir='ltr'><strong>duncano</strong></span> <span class='ocrx_word' id='word_1_356' title='bbox 1651 4619 1795 4706; x_wconf 87' lang='lat' dir='ltr'><strong>kymedy</strong></span> <span class='ocrx_word' id='word_1_357' title='bbox 1812 4619 1964 4686; x_wconf 88' lang='lat' dir='ltr'><strong>Iohanne</strong></span> <span class='ocrx_word' id='word_1_358' title='bbox 1986 4619 2027 4684; x_wconf 97' lang='lat' dir='ltr'><strong>de</strong></span> 
     </span>
    </p>
   </div>
   <div class='ocr_carea' id='block_1_4' title="bbox 0 0 2261 5988">
    <p class='ocr_par' dir='ltr' id='par_1_4' title="bbox 0 0 2261 5988">
     <span class='ocr_line' id='line_1_39' title="bbox 0 0 2261 5988; baseline 0 0"><span class='ocrx_word' id='word_1_359' title='bbox 0 0 2261 5988; x_wconf 95' lang='lat' dir='ltr'><strong> </strong></span> 
     </span>
    </p>
   </div>
  </div>
 </body>
</html>
