4488 5996
665 645 790 710 Statuta
812 641 849 708 de
870 641 1100 728 capellanorum
1121 641 1257 708 norton

367 823 520 890 Thomas
535 820 705 887 chawmer
720 825 859 884 curatus
875 818 916 882 de
932 813 1090 882 abirdene
1106 835 1210 880 manu
1222 813 1355 900 propria

278 965 287 974 -
367 927 525 996 dominus
541 925 712 992 lohannes
726 922 792 1007 tyle
808 923 851 989 ad
867 921 929 988 hec
945 941 1049 986 manu
1065 919 1202 1005 propria
1256 943 1259 948 ·
1314 975 1316 980 .

277 1069 280 1078 ν
367 1031 525 1098 dominus
542 1030 713 1096 Iohannes
729 1049 842 1094 murra
854 1029 901 1094 ad
916 1027 979 1092 hec
995 1047 1098 1092 manu
1114 1027 1248 1112 propria

280 1179 291 1190 ·-
333 1183 336 1190 ·
368 1137 525 1205 dominus
537 1135 714 1202 lohannes
728 1153 877 1217 cumyng
892 1153 994 1198 manu
1011 1132 1145 1217 propria
1163 1163 1166 1170 ·
1202 1165 1205 1170 ,

371 1242 425 1306 Ita
440 1249 492 1306 est
508 1237 665 1306 dominus
682 1235 795 1302 Dauid
810 1255 922 1301 wauss
938 1255 1041 1300 manu
1057 1233 1192 1319 propria
1311 1285 1315 1292 .

365 1335 424 1409 lta
439 1351 491 1408 est
514 1340 676 1425 magister
689 1331 869 1404 willelmus
884 1335 1077 1422 philipsoun
1094 1357 1198 1402 manu
1213 1337 1346 1421 propria

368 1447 564 1516 Willelmus
580 1448 713 1531 Couper
728 1445 771 1510 ad
787 1443 849 1510 hee
865 1462 968 1508 manu
987 1441 1120 1528 propria

370 1553 527 1622 dominus
544 1552 714 1620 Iohannes
729 1551 839 1635 bynne
856 1569 960 1616 manu
975 1547 1109 1633 propria

369 1656 526 1725 dominus
543 1655 714 1721 Iohannes
726 1673 800 1720 mar
815 1657 919 1718 manu
935 1649 1069 1735 propria

280 1805 284 1812 -
300 1807 303 1814 -
372 1765 427 1830 Ita
441 1771 493 1828 est
512 1749 683 1826 Iohannes
698 1759 826 1854 Wauss
842 1775 945 1823 manu
961 1754 1095 1854 propria

872 1989 1052 2057 CXXVII.

284 2119 401 2182 Actum
424 2115 530 2204 primo
559 2111 749 2200 dionensis
779 2109 906 2176 octobris
933 2110 1030 2175 Anno
1059 2109 1180 2196 dominj
1208 2109 1372 2174 millesimo
1402 2109 1642 2196 quingentesimo
1663 2114 1786 2170 t01.1oo¹

803 2224 809 2280 t
888 2215 1039 2280 tricesimo

382 2345 447 2412 UO
464 2342 518 2409 die
532 2340 733 2408 venerabilis
749 2341 795 2406 Et
813 2337 981 2424 Egregius
996 2338 1047 2403 vir
1062 2337 1225 2424 magister
1240 2339 1394 2405 robertus
1411 2335 1641 2422 Elphinstoun

285 2481 289 2486 ·
309 2507 368 2548 Η
424 2447 608 2514 canonicus
630 2457 664 2514 et
687 2444 940 2512 commissarius
963 2445 1130 2528 generalis
1155 2443 1388 2510 abirdonensis
1410 2445 1451 2511 de
1474 2464 1642 2511 consensu

285 2554 425 2642 capituli
449 2553 590 2620 ecclesie
612 2550 844 2618 abirdonensis
868 2549 956 2618 beati
980 2549 1126 2634 nicholaj
1151 2549 1305 2616 videlicet
1329 2549 1449 2616 statuit
1472 2551 1561 2636 quod
1584 2552 1642 2617 do·

288 2659 369 2726 mini
396 2657 497 2725 dauid
521 2677 633 2722 wauss
659 2665 693 2722 et
720 2656 873 2721 robertus
900 2653 1001 2738 spark
1027 2675 1086 2738 pro
1113 2663 1233 2737 quarta
1260 2663 1354 2738 parte
1381 2655 1460 2739 annj
1493 2654 1642 2739 proxime

284 2768 401 2850 datam
425 2761 631 2848 presentium
648 2768 844 2846 sequentem
861 2757 1009 2842 scribant
1032 2758 1262 2840 colloquentes
1283 2757 1431 2824 ridentes
1448 2758 1580 2824 ociosos
1597 2759 1642 2826 Et
1734 2827 1737 2836 ,

287 2889 349 2954 nos
365 2873 561 2932 constantes
577 2862 611 2929 in
628 2863 729 2930 choro
746 2860 898 2928 eiusdem·
913 2859 1053 2946 ecclesie
1070 2859 1198 2950 Dietim
1216 2861 1262 2924 Et
1279 2861 1367 2946 quod
1379 2861 1514 2950 aliquod
1526 2883 1643 2950 eorum

285 2973 363 3060 dem
393 2969 557 3037 facientes
587 2989 648 3052 pro
671 2966 847 3034 deficiente
877 2975 1037 3032 notentur
1059 2973 1093 3032 et
1116 2967 1250 3032 soluant
1273 2986 1397 3050 penam
1422 2967 1522 3034 vuius
1550 2967 1644 3048 horle

286 3075 458 3164 wlgariter
472 3095 535 3142 ane
558 3073 618 3140 lalt
642 3094 703 3158 pro
725 3094 791 3139 vno
814 3093 947 3156 quoque
969 3081 1003 3137 et
1027 3070 1190 3138 Similiter
1211 3071 1411 3157 incipientes
1433 3073 1644 3158 responsoria

288 3181 340 3250 vel
357 3181 562 3266 antiphonas
578 3179 650 3246 sine
666 3180 826 3246 mandato
841 3177 989 3244 cantoris
1004 3177 1057 3243 vel
1074 3177 1268 3244 deficientes
1286 3178 1321 3244 in
1339 3177 1466 3246 eisdem
1490 3178 1645 3246 similiter

289 3295 449 3354 notentur
475 3296 508 3352 et
535 3286 670 3351 soluant
697 3306 819 3370 penam
841 3283 938 3349 omni
962 3283 1015 3350 die
1039 3283 1170 3350 sabbati
1194 3284 1241 3348 Et
1264 3285 1352 3368 quod
1375 3284 1586 3370 garrulantes
1609 3284 1643 3352 in

289 3392 392 3460 choro
416 3401 475 3458 aut
502 3390 581 3458 alibi
608 3399 641 3456 et
668 3387 808 3456 iniurias
833 3388 985 3455 verbales
1012 3387 1088 3454 aliis
1114 3388 1295 3454 inferentes
1321 3409 1398 3454 reus
1424 3389 1534 3454 soluat
1559 3389 1644 3474 duqs

290 3495 415 3564 solidos
430 3494 589 3562 fratribus
604 3493 696 3560 chori
715 3495 758 3560 ad
777 3492 1064 3578 agmentationem
1083 3491 1354 3558 distributionem
1377 3494 1418 3558 de
1441 3491 1543 3560 simili
1565 3514 1644 3560 con·

289 3625 391 3670 sensu
408 3605 454 3668 Et
470 3601 628 3688 deinceps
652 3601 707 3686 alij
734 3603 799 3668 duo
815 3623 874 3686 pro
890 3602 1039 3666 secunda
1061 3610 1156 3685 parte
1172 3601 1260 3685 Annj
1278 3609 1312 3666 et
1329 3599 1385 3666 Sic
1405 3595 1564 3692 deinceps
1586 3621 1645 3686 per

289 3717 542 3774 totumannum
558 3705 734 3772 annuatim
751 3705 833 3789 ipsis
856 3705 1041 3790 capellanis
1064 3714 1097 3770 et
1120 3704 1268 3788 capitulo
1289 3705 1503 3790 presentibus
1517 3715 1550 3772 et
1567 3725 1644 3772 cone

290 3811 513 3878 sentientibus
528 3811 740 3896 presentibus
762 3811 931 3896 preposito
954 3820 988 3877 et
1011 3810 1212 3894 quibusdam
1231 3810 1425 3880 consulibus
1446 3810 1644 3878 abirdonen⁴

290 3917 382 3986 sibus

377 4073 507 4139 Eodem
524 4073 577 4139 die
591 4073 792 4140 venerabilis
807 4081 840 4139 et
856 4072 1011 4158 egregius
1021 4072 1072 4138 vir
1086 4071 1250 4158 magister
1262 4073 1416 4139 robertus
1431 4071 1644 4157 elphinstone

289 4179 473 4245 canonicus
489 4199 528 4244 ac
544 4177 797 4244 commissarius
812 4178 978 4262 generalis
997 4177 1236 4244 aberdonensis
1259 4179 1300 4243 de
1323 4199 1490 4243 consensu
1506 4175 1644 4262 capituli

289 4283 395 4367 curatj
414 4292 447 4348 et
464 4283 714 4366 capellanorum
731 4283 961 4367 capitulariter
976 4292 1255 4368 congregatorum
1279 4282 1372 4348 nullo
1394 4282 1645 4348 contradicente

289 4407 349 4470 pro
375 4386 553 4452 eoncordia
582 4385 670 4452 inter
697 4385 817 4452 fratres
847 4385 985 4471 capituli
1010 4385 1151 4452 ecclesie
1178 4385 1247 4453 diui
1270 4385 1391 4470 nicolaj
1417 4385 1457 4452 de
1480 4387 1644 4452 aberdene

290 4493 378 4573 quod
402 4491 429 4555 si
453 4491 566 4575 aliqua
589 4485 763 4576 contingat
786 4491 875 4556 inter
896 4491 1030 4558 eosdem
1059 4492 1224 4558 dissensio
1245 4491 1400 4557 videlicet
1416 4490 1645 4557 controuersia

289 4593 390 4663 verba
417 4593 577 4664 iniuriosa
600 4603 658 4663 aut
682 4595 724 4658 lis
746 4615 945 4684 quocunque
971 4595 1072 4661 modo
1097 4595 1200 4661 lllata
1224 4593 1295 4661 siue
1320 4590 1396 4660 Iure
1419 4593 1490 4661 siue
1518 4593 1645 4660 Iniuria
