4460 5984
617 695 789 764 Commune
811 691 942 761 Rerrtale
965 693 1206 782 capellam
1227 693 1346 762 achsa
1604 711 1664 780 191

395 872 483 940 Item
499 891 560 956 pro
576 869 730 937 Iohanne
746 877 952 936 steuensoun
971 875 1005 934 et
1025 888 1129 934 vxore
1144 867 1186 935 de
1208 875 1299 936 terra
1314 867 1485 954 quondam
1502 865 1667 936 Iohannis

307 979 420 1046 litstar
434 975 599 1062 capellanj
619 977 757 1042 Iacente
773 973 808 1040 in
823 973 898 1042 vico
913 973 1061 1042 inferiori
1077 971 1219 1042 ecclesie
1559 989 1604 1040 xx
1618 969 1665 1039 s*

395 1083 538 1152 Summa
553 1081 655 1149 huius
670 1101 714 1148 xx
729 1101 746 1148 s

395 1189 484 1256 Item
499 1208 560 1274 pro
579 1187 722 1274 gilberto
745 1207 881 1254 menses
902 1187 1028 1254 andrea
1051 1207 1187 1253 mentes
1210 1193 1244 1252 et
1267 1183 1449 1252 alexandro
1472 1205 1608 1252 menaes
1623 1187 1665 1254 de
1687 1197 1794 1256 ἰσων

306 1293 425 1362 ernstio
451 1294 622 1380 quondam
649 1293 773 1360 andree
799 1313 936 1377 murray
962 1312 1052 1358 nunc
1082 1291 1244 1358 heredum
1271 1289 1373 1358 dauid
1399 1311 1536 1377 murray
1562 1293 1665 1376 quod·

307 1399 443 1486 quidem
458 1398 602 1466 crottum
619 1398 701 1466 olim
716 1397 906 1484 pertinebat
922 1397 1013 1465 dicto
1028 1395 1210 1464 alexandro
1226 1417 1363 1462 mentes
1460 1417 1504 1462 xx
1520 1417 1537 1462 s
1553 1405 1586 1464 et
1599 1397 1664 1464 hoc

1217 1502 1261 1569 ad
1275 1501 1401 1568 festum
1417 1503 1665 1587 pentecostes†

394 1609 537 1677 Summa
552 1607 654 1676 huius
669 1629 745 1676 xxs
817 1593 821 1602 ¹

394 1716 483 1782 Item
509 1715 551 1782 de
573 1714 680 1782 croito
698 1713 868 1800 quondam
891 1711 1037 1780 richardi
1060 1711 1173 1780 kintor
1194 1731 1284 1780 nunc
1307 1711 1468 1779 heredum
1491 1709 1663 1778 alexandri

306 1830 465 1908 myrtoun
480 1841 541 1906 pro
555 1820 675 1888 thoma
689 1819 824 1887 crafurd
842 1828 876 1886 et
890 1841 992 1888 vxore
1008 1839 1071 1888 sua
1470 1815 1527 1904 xiij
1545 1839 1562 1884 s
1577 1817 1624 1904 iiij
1641 1817 1663 1885 d

394 1927 537 1994 Summa
551 1925 653 1993 huius
668 1925 724 2011 xiij
743 1947 760 1992 s
775 1923 822 2010 iiij
840 1925 861 1992 d
1265 1919 1266 1924 ’

344 2058 349 2066 κ
395 2031 483 2098 Item
499 2050 559 2116 pro
574 2031 707 2100 roberto
722 2027 900 2100 blinscheil
916 2050 977 2115 pro
989 2027 1095 2096 missa
1117 2025 1312 2108 dominicali
1330 2027 1372 2094 de
1386 2035 1476 2094 terra
1491 2027 1662 2113 quondam

305 2131 433 2218 hemicj
447 2132 532 2199 lorin
544 2153 635 2200 nunc
646 2131 763 2200 thome
773 2151 969 2218 angussouu
980 2131 1016 2198 in
1026 2131 1101 2198 vico
1113 2129 1252 2198 nauium
1269 2130 1460 2200 salmonum
1476 2129 1663 2214 piscatores
1793 2135 1795 2140 ’

305 2259 346 2304 ex
361 2235 562 2304 occidentali
578 2245 673 2322 parte
688 2234 839 2302 eiusdem
1466 2253 1487 2298 x
1502 2255 1519 2298 s
1534 2231 1590 2318 viij
1608 2235 1629 2301 d
1643 2237 1660 2314 1

392 2339 480 2406 Item
496 2339 538 2406 de
548 2347 638 2406 tena
653 2357 744 2405 nunc
766 2337 903 2423 penitus
916 2345 1015 2404 vasta
1030 2355 1090 2422 per
1104 2333 1298 2421 capellanos
1322 2335 1441 2422 Ioannj
1459 2335 1661 2404 middiltoun

305 2441 456 2511 assidata
485 2441 520 2508 iu
551 2442 669 2508 eodem
691 2439 767 2507 vico
791 2441 930 2507 Iacente
961 2447 1012 2506 set
1042 2437 1163 2506 defecit
1193 2437 1228 2504 in
1252 2437 1419 2505 solutione
1441 2447 1475 2506 et
1498 2459 1588 2505 nunc
1610 2461 1660 2506 re-

304 2553 466 2631 cuperata
481 2565 541 2630 per
555 2552 625 2611 tres
639 2563 818 2630 processus
833 2541 1003 2627 legitimos
1576 2564 1598 2609 x
1613 2541 1658 2630 s§

390 2649 532 2715 Summa
547 2645 648 2713 huius
663 2667 707 2712 xx
722 2667 739 2712 s
753 2643 809 2730 viij
827 2645 849 2711 d
864 2653 898 2710 et
913 2643 1018 2710 nichil
1034 2641 1182 2710 solutum
1198 2641 1264 2708 nisi
1279 2651 1414 2710 tantum
1429 2663 1451 2710 x
1466 2643 1554 2730 eviij
1572 2645 1594 2712 d

390 2751 479 2818 ltem
495 2773 554 2836 pro
570 2749 663 2818 obitu
679 2749 786 2836 ipsius
800 2748 923 2834 robertj
941 2750 982 2815 de
997 2757 1087 2815 terra
1102 2747 1144 2814 de
1159 2748 1399 2834 petmolrstoun
1415 2749 1491 2834 xxvj
1508 2749 1593 2834 sviij
1607 2751 1629 2818 d
1642 2751 1654 2834 ΙΙ

391 2857 479 2922 Item
495 2857 536 2922 de
552 2855 722 2942 quondam
738 2853 909 2922 alexandri
932 2852 1081 2920 menzeis
1098 2852 1179 2920 olim
1195 2853 1361 2921 Willelmi
1376 2853 1552 2922 blinscheil
1568 2876 1658 2924 nunc

302 2959 435 3046 gilberti
451 2981 587 3027 mermes
607 2961 649 3027 de
664 2958 807 3027 officinis
822 2980 882 3025 seu
898 2957 1011 3026 bothis
1028 2955 1064 3024 in
1086 2957 1241 3044 opposito
1264 2957 1472 3026 officinarum
1488 2959 1657 3028 fabrorum

302 3083 343 3134 ex
358 3065 559 3134 occidentali
574 3074 670 3152 parte
684 3064 749 3151 vicj
1425 3063 1483 3150 xiij
1500 3085 1517 3130 s
1532 3063 1579 3151 iiij
1596 3065 1618 3132 d
1631 3065 1660 3143 I

390 3171 532 3239 Summa
547 3171 648 3238 huius
662 3169 696 3238 xl
712 3191 729 3237 e
744 3179 778 3237 et
793 3173 835 3238 de
853 3169 917 3236 hoc
938 3169 982 3236 ad
1000 3187 1165 3254 pauperes
1180 3175 1214 3234 et
1229 3165 1445 3236 collationem
1461 3189 1504 3235 xx
1519 3189 1536 3235 s
1551 3177 1584 3236 et
1600 3167 1658 3238 alii
1745 3247 1750 3258 Ι

301 3275 421 3366 viginti
437 3275 535 3344 solidi
550 3275 638 3343 inter
652 3271 852 3362 capellanos

389 3383 477 3449 Item
493 3403 554 3468 pro
569 3381 732 3467 magistro
746 3381 866 3448 thoma
888 3377 1063 3446 murisoun
1086 3379 1257 3464 quondam
1272 3376 1398 3444 vicario
1413 3377 1455 3444 de
1470 3385 1599 3462 premet
1614 3379 1656 3444 de

299 3495 390 3556 terra
406 3487 522 3558 Iacobi
537 3487 702 3555 collisoun
717 3485 753 3554 in
767 3485 843 3555 vico
858 3483 1004 3572 inferior]
1022 3483 1163 3552 ecclesie
1178 3505 1280 3570 quarn
1296 3481 1464 3552 inhabitat
1525 3501 1569 3549 xx
1585 3479 1655 3548 ε’*

387 3594 530 3662 Summa
544 3591 646 3660 huius
660 3607 704 3660 xx
719 3613 736 3660 s

385 3700 475 3766 Item
505 3700 546 3766 de
575 3707 665 3765 terra
695 3700 865 3783 quondam
897 3693 1012 3764 Iacobi
1042 3693 1225 3763 andirsoun
1254 3713 1345 3760 nunc
1374 3690 1486 3759 uxoris
1516 3689 1655 3759 Ioannis

298 3825 434 3891 murray
449 3803 589 3872 senioris
604 3803 639 3869 in
654 3803 729 3870 vico
749 3803 851 3870 castri
873 3801 1116 3870 commorantis
1139 3801 1277 3868 Iacente
1292 3799 1382 3885 apud
1404 3797 1429 3864 li
1450 3795 1520 3882 luyl
1541 3804 1655 3881 gutter

297 3908 332 3976 in
347 3909 422 3977 vico
438 3909 540 3977 castri
555 3931 615 3996 pro
632 3909 794 3996 magistro
810 3909 940 3976 simone
955 3905 1074 3976 doddis
1171 3886 1182 3913 ’
1498 3901 1565 3986 xxij
1583 3903 1654 3972 s††

384 4015 526 4083 Summa
541 4014 643 4082 huius
658 4013 724 4100 xxij
742 4037 759 4081 s

384 4122 472 4188 Item
488 4143 548 4208 pro
563 4119 700 4188 domino
718 4119 820 4193 dauid
834 4121 946 4188 Waus
963 4119 1005 4187 de
1025 4127 1114 4185 terra
1137 4115 1306 4203 quondam
1330 4110 1494 4182 Iohannis
1517 4131 1653 4180 mentes

296 4247 386 4294 nunc
401 4225 518 4294 thome
533 4225 671 4296 brechin
686 4228 824 4294 Iacente
839 4223 874 4292 in
888 4225 964 4294 vico
979 4223 1118 4292 nauium
1435 4273 1441 4276 .
1522 4237 1566 4283 xx
1581 4237 1598 4283 s
1611 4218 1650 4298 Π

391 4361 406 4390 '
419 4361 522 4428 Patricij
535 4361 718 4428 grayeeniorie
993 4353 1273 4420 †NuncInmanibus
1284 4353 1417 4407 alexandri
1428 4351 1554 4405 rodirlurd

393 4441 405 4508 ί
419 4441 497 4493 Nunc
508 4441 535 4492 ln
546 4441 666 4492 manibus
676 4440 765 4493 thome
776 4437 820 4507 ph.
838 4474 845 4491 .
862 4477 870 4494 .
889 4477 897 4495 .
917 4439 1014 4505 (noma
1025 4445 1192 4504 etcogaom
1203 4435 1286 4487 muta
1296 4435 1367 4499 eant)

391 4519 549 4584 {Heredum
560 4519 739 4584 thomeiynne
993 4515 1023 4548 '⁰
1035 4515 1174 4568 Alexandri
1185 4511 1329 4566 rutherfurd

392 4599 406 4662 ΙΙ
419 4595 538 4662 Magistri
550 4594 652 4662 gilberti
662 4595 755 4648 bleeett
993 4596 1024 4656 ἢ
1037 4592 1269 4648 Iohannismelvin

392 4673 562 4742 {wilhelmi
575 4671 622 4725 Iak
994 4671 1023 4738 It
1036 4669 1253 4724 Rohertlwatm
