4472 5992
697 663 795 764 Regis
816 675 967 744 Eduardo*
988 677 1198 746 Renunciatio
1613 697 1633 763 3

270 847 347 916 auie
375 847 568 918 traditionis
597 849 787 918 libertatem
818 871 882 937 que
911 850 1081 938 diligenda
1110 850 1208 920 nobis
1238 873 1340 938 super
1368 873 1489 921 aurum
1515 859 1568 919 est
1594 861 1628 920 et

269 953 427 1040 topazion
442 975 573 1040 queque
594 965 711 1023 nostro
732 955 857 1024 iudicio
877 965 1019 1024 cunctas
1042 957 1140 1043 longe
1164 958 1355 1025 mundanas
1370 967 1404 1026 et
1420 957 1632 1043 incompara-

270 1057 382 1127 biliter
405 1079 487 1144 opes
512 1060 721 1128 transcendit
743 1071 778 1128 et
801 1060 932 1129 infinite
958 1061 1085 1130 localia
1107 1082 1209 1146 quam
1233 1063 1276 1130 ab
1298 1061 1396 1129 initio
1423 1059 1632 1149 magnanimi

268 1172 383 1248 patres
398 1163 703 1234 incontaminatam
719 1165 817 1234 nobis
832 1167 913 1253 filijs
924 1175 958 1234 et
968 1187 1073 1252 vsque
1085 1169 1128 1236 ad
1141 1176 1285 1234 mortem
1301 1168 1483 1236 seruabant
1499 1165 1632 1252 egregie

269 1267 435 1336 Similiter
448 1279 482 1336 et
497 1291 561 1339 nos
583 1271 733 1356 profecto
751 1291 819 1338 non
839 1280 1003 1357 tanquam
1024 1271 1150 1338 nostris
1170 1271 1343 1339 demeritis
1363 1279 1440 1358 post
1455 1273 1499 1360 ob
1514 1291 1630 1340 eorum

269 1373 463 1459 degenerati
478 1374 664 1460 natura[m]
681 1377 740 1442 sed
758 1374 855 1460 quasi
871 1397 1009 1444 suarum
1023 1375 1218 1444 Imitatores
1233 1377 1346 1464 legum
1362 1373 1490 1446 strenui
1505 1375 1631 1444 nostris

268 1487 345 1564 post
355 1477 485 1546 obitum
495 1477 575 1546 liliis
587 1477 793 1548 Inuiolatam
803 1479 1015 1550 seruabimus
1024 1489 1058 1548 et
1069 1481 1196 1572 absque
1207 1480 1320 1548 seruili
1330 1501 1462 1566 quoque
1470 1481 1630 1566 scrupulo

268 1583 511 1652 transferemus
533 1585 659 1652 Valeas
683 1587 733 1654 &c

914 1884 982 1950 111.

268 2005 580 2167 VNIUERSIS
613 1971 788 2092 presented
821 2007 937 2074 literas
969 2003 1173 2093 inspecturis
1208 2007 1389 2074 Eduardus
1425 2004 1479 2074 dei
1515 2005 1626 2092 gratia
1648 2023 1738 2079 t01.1¹

393 2111 467 2178 Rex
494 2110 616 2197 Anglie
647 2109 817 2180 Dominus
849 2109 1000 2180 hibernie
1029 2120 1064 2178 et
1094 2113 1162 2180 dux
1187 2109 1369 2197 Aquitanis
1398 2111 1552 2180 Salutem
1584 2113 1625 2178 In

266 2211 403 2282 domino
447 2217 688 2302 sempiternam
729 2216 817 2284 Cum
858 2237 921 2284 nos
961 2216 1181 2302 nonnullique
1221 2218 1476 2302 predecessores
1518 2215 1625 2284 nostri

267 2319 379 2404 Reges
401 2319 513 2406 anglie
538 2322 616 2388 lura
640 2318 830 2406 Regiminis
853 2319 1005 2406 Dominij
1030 2341 1090 2388 scu
1114 2319 1361 2407 superioritatis
1385 2319 1494 2408 Regnj
1519 2319 1626 2388 scotie
1690 2365 1694 2378 ·

265 2426 563 2494 constituerimus
588 2425 739 2512 optinere
766 2428 809 2496 ob
834 2425 899 2494 hoc
923 2427 1012 2512 quod
1036 2435 1166 2496 motare
1188 2426 1260 2494 dira
1286 2445 1482 2512 guerrarum
1509 2423 1625 2493 discri-

265 2529 358 2598 mina
372 2532 494 2618 Anglie
509 2541 543 2600 et
560 2531 674 2600 Scotie
691 2533 811 2618 Regna
825 2531 953 2600 diutius
968 2531 1166 2600 afflixissent
1190 2532 1264 2598 Nos
1287 2533 1502 2600 attendentes
1525 2531 1625 2598 cedes

264 2637 451 2706 occisiones
469 2637 596 2705 scelera
615 2636 835 2706 ecclesiarum
855 2637 1095 2706 distructiones
1112 2647 1146 2705 et
1165 2637 1257 2704 mala
1277 2633 1542 2704 Innumerabilia
1560 2655 1625 2722 que

263 2741 456 2811 huiusmodi
467 2742 645 2811 occasione
658 2763 854 2830 guerrarum
868 2741 1064 2829 Regnicolis
1078 2741 1251 2828 utriusque
1264 2739 1374 2829 Regni
1393 2739 1626 2828 multipliciter

263 2845 504 2934 contingebant
530 2847 694 2932 bonisque
720 2847 841 2933 quibus
869 2849 1025 2934 Regnum
1051 2856 1231 2932 utrumque
1257 2843 1386 2915 mutuis
1415 2843 1626 2932 compendiis

262 2950 473 3020 habundaret
503 2962 663 3040 perpetue
692 2952 788 3039 pacis
816 2953 1003 3022 stabilitate
1032 2951 1229 3022 coneximus
1259 2972 1299 3022 uc
1324 2973 1385 3038 per
1412 2953 1477 3020 hoc
1506 2960 1625 3020 contra

262 3063 405 3124 conatus
423 3055 542 3124 noxios
562 3055 739 3126 Rebellare
754 3056 808 3125 uel
825 3059 1030 3144 Impugnare
1044 3057 1230 3126 volentium
1250 3055 1392 3124 interius
1405 3055 1458 3124 vel
1477 3054 1625 3124 exterius

263 3159 381 3228 maiori
397 3161 558 3230 firmitate
573 3183 729 3230 securum
741 3163 898 3232 volumus
913 3173 947 3232 ct
962 3163 1180 3232 concedimus
1195 3185 1255 3250 per
1269 3171 1444 3249 presentes
1454 3181 1515 3249 pro
1526 3161 1625 3231 nobis

262 3265 442 3338 heredibus
463 3277 498 3336 et
520 3267 772 3352 successoribus
793 3268 919 3338 nostris
942 3269 1199 3356 quibuscunque
1221 3269 1263 3337 de
1285 3264 1458 3336 communi
1480 3263 1624 3334 consilio

261 3393 403 3442 assensu
418 3383 453 3442 et
468 3395 636 3442 consensu
654 3375 859 3462 prelatorum
875 3397 1050 3462 procerum
1067 3375 1230 3444 comitum
1246 3377 1410 3444 baronum
1426 3393 1468 3442 ac
1481 3371 1623 3441 comita·

260 3487 334 3546 tum
355 3479 464 3567 Regnj
486 3481 593 3550 nostri
610 3484 651 3550 ln
666 3481 891 3568 parliamento
906 3493 1022 3551 nostro
1044 3483 1133 3568 quod
1158 3484 1315 3570 Regnum
1331 3479 1438 3550 scotie
1459 3501 1521 3568 per
1541 3500 1622 3548 suas

262 3585 389 3652 Rectas
422 3586 592 3654 marchias
623 3596 723 3672 prout
755 3585 965 3674 temporibus
994 3589 1081 3658 bone
1112 3586 1273 3656 memorie
1301 3585 1483 3672 Alexandri
1516 3583 1622 3672 Regis

260 3690 367 3758 scotie
395 3691 515 3760 vltimo
549 3691 697 3778 defunctj
728 3691 853 3760 luerint
882 3693 998 3762 habite
1027 3703 1061 3761 et
1091 3702 1226 3762 seruate
1263 3690 1444 3778 magnifico
1477 3688 1621 3778 principi

259 3795 397 3862 domino
428 3799 576 3866 Roberto
607 3797 672 3866 Dei
704 3797 815 3884 gratia
849 3799 935 3886 Regi
973 3807 1144 3866 scotorum
1182 3795 1305 3865 illustri
1335 3795 1550 3864 confederato
1579 3813 1620 3862 ac

259 3901 379 3970 Amico
404 3912 521 3972 nostro
546 3903 742 3972 fidelissimo
768 3903 906 3991 suisque
935 3903 1115 3974 heredibus
1139 3912 1174 3972 et
1201 3899 1453 3972 successoribus
1479 3897 1619 3968 diuisim

260 4007 301 4074 ln
327 4007 485 4076 omnibus
508 4029 529 4076 a
554 4011 674 4095 Regno
697 4009 818 4097 Anglie
842 4011 1017 4096 Integrum
1038 4009 1180 4080 liberum
1207 4005 1387 4095 pacificum
1408 4010 1444 4072 et
1467 4001 1619 4090 quietum

261 4112 450 4180 Remaneat
492 4115 746 4200 Imperpetuum
783 4116 910 4202 absque
947 4113 1173 4202 qualicunque
1210 4108 1419 4182 subiectione
1453 4105 1619 4176 seruitute

259 4217 389 4287 clameo
425 4219 479 4287 uel
517 4221 686 4290 demands
723 4221 769 4288 Et
807 4219 836 4288 si
873 4219 1018 4307 quoduis
1054 4239 1117 4288 nos
1152 4217 1205 4288 vel
1243 4225 1476 4288 antecessores
1511 4211 1619 4280 nostri

256 4319 292 4388 in
309 4325 428 4410 Regno
446 4323 552 4392 scotie
576 4324 769 4393 Retroactis
790 4323 1000 4411 temporibus
1022 4321 1219 4410 petierimus
1234 4321 1289 4391 uel
1303 4317 1462 4407 petierint
1484 4315 1619 4404 quouis·

258 4429 358 4496 modo
380 4429 510 4515 prelato
529 4431 615 4516 Regi
637 4439 807 4498 scotorum
828 4429 1009 4498 heredibus
1026 4437 1060 4496 et
1079 4425 1331 4496 successoribus
1350 4422 1422 4492 suis
1443 4419 1619 4490 renuncia·

257 4553 334 4600 mus
345 4541 379 4602 et
391 4533 602 4602 demittimus
613 4555 673 4622 per
683 4543 857 4622 presentes
868 4535 999 4603 Omnes
1010 4543 1125 4602 autem
1140 4529 1365 4617 obligationes
1375 4525 1620 4596 conuentioncs

257 4647 290 4705 ct
313 4649 414 4725 pacta
441 4639 544 4710 initas
566 4641 620 4708 vel
647 4641 732 4708 inita
757 4640 1035 4727 qualitercunque
1062 4660 1140 4708 cum
1170 4633 1297 4706 nostris
1325 4631 1618 4723 predecessoribus
