4472 5992
596 697 637 766 32
1179 677 1372 766 Fragmenta

370 863 414 919 tot
429 862 480 920 w
596 897 1382 924 ................
1449 849 1539 918 beati
1556 847 1740 918 sebastiani
1757 849 1906 918 martiris
1921 863 1954 921 et

595 1005 1276 1030 ..............
1321 954 1464 1026 ecclesie
1480 954 1614 1042 patroni
1629 953 1719 1023 beati
1735 953 1895 1044 nicholaij
1913 958 1955 1026 de

595 1111 1017 1134 .........
1033 1094 1068 1129 ’.
1114 1113 1121 1131 .
1165 1113 1172 1130 .
1217 1112 1225 1132 .
1269 1113 1276 1130 .
1328 1071 1521 1132 nostrarum
1537 1069 1785 1148 parentumque
1800 1081 1953 1131 meorum

595 1217 1434 1238 .................
1474 1165 1616 1235 mariote
1633 1166 1817 1236 arbuthnot
1834 1167 1954 1238 matris

595 1323 1434 1344 ..................
1489 1271 1610 1358 viginti
1625 1271 1809 1340 solidorum
1826 1271 1953 1342 usualis

594 1429 1433 1451 .................
1487 1377 1585 1446 meiis
1602 1379 1776 1445 Iacentem
1792 1377 1878 1446 inira
1895 1400 1952 1466 pre

595 1531 1436 1555 .................
1476 1483 1545 1552 rios
1559 1485 1601 1552 de
1616 1481 1675 1550 iilo
1691 1483 1797 1551 croito
1815 1486 1953 1554 Iacente

594 1639 1329 1662 ...............
1370 1589 1458 1658 inter
1472 1589 1616 1659 crottum
1633 1590 1803 1674 quondam
1820 1591 1953 1661 Andree

593 1745 808 1767 .....
824 1713 861 1766 ’.
905 1745 913 1763 .
957 1745 964 1766 .
1009 1747 1016 1762 .
1060 1745 1068 1766 .
1112 1747 1119 1764 .
1165 1748 1172 1764 .
1217 1747 1225 1765 .
1269 1747 1276 1763 .
1321 1747 1328 1763 .
1372 1745 1379 1762 .
1425 1745 1432 1762 .
1477 1744 1485 1764 .
1530 1694 1953 1782 exaustralipartibusex

593 1850 809 1873 .....
852 1851 861 1886 Ἴ.
905 1851 912 1868 .
958 1851 965 1870 .
1010 1851 1018 1872 .
1061 1850 1069 1871 .
1114 1853 1121 1870 .
1165 1853 1173 1870 .
1217 1851 1225 1872 .
1268 1853 1276 1870 .
1321 1853 1328 1868 .
1373 1853 1380 1868 .
1425 1851 1433 1868 .
1480 1801 1953 1890 croitomeolsoenteprope

594 1955 1488 1978 ..................
1516 1906 1547 1976 le
1563 1904 1743 1975 helvlends
1757 1915 1898 1976 vocatae
1912 1927 1954 1978 ex

593 2059 1483 2084 ..................
1542 2033 1584 2082 ex
1599 2013 1707 2082 altera
1721 2011 1904 2082 Tenendos
1918 2023 1953 2081 et

592 2167 1327 2190 ...............
1370 2121 1489 2190 dorum
1506 2117 1715 2188 antedictum
1732 2115 1871 2206 prefatis
1885 2137 1953 2188 vna

593 2275 1537 2297 ...................
1563 2233 1597 2294 et
1613 2223 1685 2292 suis
1700 2221 1952 2296 successoribus

593 2381 1329 2402 ...............
1383 2341 1416 2400 et
1433 2329 1518 2398 meis
1533 2329 1717 2418 assignatis
1732 2315 1773 2398 ae
1789 2331 1953 2400 leuandus

593 2485 1329 2508 ...............
1391 2445 1606 2524 pentecostes
1620 2435 1777 2506 videlicet
1792 2445 1825 2506 et
1841 2436 1952 2506 sancti
1994 2425 1996 2432 ’

593 2591 1484 2613 ..................
1515 2541 1814 2612 commoditatibus
1829 2551 1863 2612 et
1878 2541 1952 2614 asie

594 2697 1431 2718 .................
1441 2669 1632 2718 annuorum
1648 2647 1840 2717 reddituum
1857 2657 1951 2738 spect

593 2803 1380 2826 ................
1411 2755 1514 2824 libere
1530 2753 1643 2841 quiete
1658 2752 1807 2840 plenarie
1822 2752 1952 2839 integre

593 2909 1382 2932 ................
1412 2861 1561 2931 secundo
1577 2861 1661 2928 Inde
1677 2857 1854 2928 annuatim
1870 2855 1952 2930 dicti
2037 2909 2043 2920 .

593 3011 1276 3037 ..............
1314 2979 1465 3056 tempore
1479 2965 1548 3036 vite
1563 2985 1638 3034 mee
1653 2963 1784 3036 servien
1828 2963 1951 3054 unique

593 3119 1224 3141 .............
1271 3073 1378 3163 patn‘s
1393 3073 1459 3144 mei
1475 3071 1645 3143 dominica
1660 3072 1809 3140 secunde
1824 3071 1952 3141 mensis
1967 3109 1979 3136 υ

592 3223 1326 3248 ...............
1365 3203 1424 3268 pro
1439 3179 1555 3250 anime
1569 3177 1651 3248 dicti
1665 3177 1799 3266 gilberti
1815 3199 1952 3248 menzes

592 3329 1223 3352 .............
1238 3271 1276 3354 ’.
1320 3335 1327 3352 .
1363 3309 1440 3358 cum
1456 3284 1589 3356 octonis
1604 3283 1824 3372 sequentibus
1838 3292 1876 3354 ut
1892 3305 1951 3374 pre

590 3433 1377 3458 ················
1409 3393 1444 3460 in
1460 3393 1587 3462 Sabato
1602 3411 1681 3459 cum
1696 3411 1763 3458 vno
1778 3389 1950 3478 trigintule

591 3537 1431 3565 ·················
1490 3519 1568 3568 cum
1584 3495 1689 3566 missa
1704 3497 1746 3566 de
1763 3495 1894 3584 Requie
1909 3519 1950 3566 ca

591 3641 1483 3672 ..................
1549 3624 1673 3690 sponse
1688 3623 1763 3670 mee
1779 3603 1949 3676 antedicte

591 3747 1480 3777 ..................
1538 3707 1682 3778 seculari
1697 3707 1874 3779 exactione
1889 3731 1950 3782 seu

591 3853 1588 3882 ....................
1612 3813 1735 3902 poterit
1750 3823 1810 3884 aut
1824 3815 1948 3904 requiri

592 3957 1536 3990 ...................
1600 3919 1765 4010 assignati
1781 3941 1898 3993 eorum
1913 3933 1948 3993 et

592 4063 1585 4096 ....................
1660 4027 1845 4118 capellanis
1860 4029 1948 4100 collo

591 4171 1794 4204 ........................
1821 4143 1874 4205 est
1889 4155 1949 4224 per

1147 4406 1255 4480 Cetera
1272 4409 1390 4481 doust.
