4460 5984
398 665 560 732 Fmrdatr'o
581 664 737 752 Magistri
758 663 858 732 thome
876 665 977 730 Warc
998 664 1082 752 apud
1103 664 1203 732 altare
1223 663 1324 732 serati
1345 664 1477 752 metiari
1541 681 1619 751 .175

259 839 468 908 concessisse
485 850 519 908 et
535 840 600 906 hac
615 847 773 925 presente
790 847 886 906 carta
906 859 983 906 mea
1003 837 1224 906 confirmasse
1245 839 1319 906 Deo
1339 837 1563 925 omnipotentj
1585 849 1619 906 et

259 947 332 1014 eius
348 947 447 1032 matrj
465 948 563 1014 beate
579 945 684 1012 marie
699 945 820 1030 virginj
837 967 878 1012 ac
893 945 1051 1011 omnibus
1065 944 1194 1012 sanctis
1209 953 1243 1012 et
1258 944 1356 1030 altarj
1373 945 1463 1030 beatj
1481 945 1617 1032 martinj

259 1051 461 1118 contessoris
480 1061 514 1118 et
535 1051 711 1137 capellano
733 1051 857 1118 ibidem
881 1049 1063 1136 celebrantj
1088 1059 1122 1116 et
1144 1071 1204 1137 pro
1227 1060 1388 1136 perpetuo
1411 1051 1621 1118 celebraturo

261 1157 303 1223 ln
326 1155 470 1224 ecclesia
496 1155 696 1240 parrochiali
724 1153 814 1240 beatj
843 1153 1001 1239 nicholaij
1028 1153 1230 1221 confessoris
1254 1156 1296 1220 dc
1319 1155 1485 1222 aberdene
1511 1163 1619 1222 totam

259 1269 384 1328 terram
411 1281 522 1328 meam
551 1261 725 1328 iacentem
750 1257 897 1326 indicto
923 1260 1028 1343 burgo
1052 1260 1094 1324 de
1119 1259 1285 1326 aberdene
1306 1259 1348 1324 In
1371 1257 1427 1324 via
1450 1258 1552 1343 castrj
1579 1279 1620 1326 ex

259 1373 356 1450 parte
370 1363 510 1448 australj
528 1363 678 1430 eiusdem
694 1362 759 1448 vicj
778 1363 1015 1429 extendentem
1027 1383 1049 1428 a
1059 1370 1149 1428 terra
1164 1360 1316 1447 symonis
1330 1361 1488 1428 craufurd
1501 1381 1620 1428 versus

259 1469 418 1536 occidens
441 1489 548 1554 usque
572 1470 618 1536 ad
642 1478 768 1535 terram
795 1467 957 1534 heredum
983 1469 1153 1552 quondam
1182 1466 1305 1552 robertj
1339 1467 1478 1534 Ioannis
1502 1487 1620 1534 versus

259 1571 371 1639 oriens
386 1581 420 1640 et
435 1593 652 1640 communem
666 1571 758 1640 viam
776 1573 904 1657 regiam
919 1593 1037 1640 versus
1058 1573 1193 1639 boream
1209 1582 1243 1640 et
1259 1594 1280 1640 a
1295 1572 1386 1640 dicta
1401 1581 1491 1640 terra
1506 1583 1619 1640 exten·

259 1677 397 1742 dentem
421 1697 540 1744 versus
565 1685 719 1744 austrum
746 1677 789 1744 ad
816 1677 919 1744 aliam
946 1677 1117 1761 quondam
1142 1676 1307 1761 telmannj
1334 1676 1492 1762 aurifabri
1519 1687 1619 1763 prout

194 1855 200 1868 ,
260 1779 354 1846 lacet
370 1779 405 1846 in
420 1779 630 1865 longitudine
646 1789 680 1848 et
695 1781 875 1848 latitudine
890 1802 993 1866 quam
1008 1791 1133 1848 terram
1149 1779 1265 1850 diuina
1285 1782 1491 1867 suffragante
1510 1783 1620 1868 proui-

259 1884 375 1952 dentia
394 1885 559 1972 acquisiuj
582 1883 768 1970 conquestu
789 1889 971 1953 tenendam
987 1895 1021 1952 et
1041 1885 1232 1955 habendam
1251 1886 1378 1954 dictam
1397 1897 1522 1956 terram
1541 1909 1619 1956 cnm

259 1988 477 2074 pertinenciis
506 1990 636 2076 prefato
662 1989 760 2076 altarj
788 1999 821 2066 et
848 1990 1024 2076 capellano
1054 1989 1110 2076 quj
1142 2011 1202 2077 pro
1232 1999 1383 2076 tempore
1412 1991 1512 2060 ruerit
1542 2013 1620 2060 curn

260 2093 417 2160 omnibus
441 2095 519 2160 Iure
541 2103 574 2160 et
595 2101 688 2160 recto
710 2091 797 2160 luris
815 2115 836 2160 a
857 2113 911 2160 me
932 2092 967 2158 in
987 2113 1107 2178 puram
1130 2093 1350 2160 elemosinam
1371 2093 1619 2180 imperpetuum

259 2197 362 2264 libere
378 2196 490 2283 quiete
505 2197 653 2284 plenarie
671 2197 801 2282 integre
819 2195 1003 2263 honorifice
1018 2197 1103 2264 bene
1118 2205 1152 2262 et
1171 2197 1206 2264 in
1221 2219 1304 2284 pace
1320 2219 1398 2266 cum
1414 2199 1573 2267 omnibus
1586 2209 1621 2266 et

259 2302 403 2390 singulis
424 2301 723 2370 commoditatibus
742 2311 776 2368 et
798 2301 1019 2388 aysiamentis
1034 2322 1074 2368 ac
1091 2301 1197 2368 Iustis
1219 2301 1291 2368 suis
1310 2303 1529 2389 pertinenciis
1546 2303 1621 2390 qni·

259 2409 456 2493 besemque
479 2407 523 2475 ad
546 2407 673 2474 dictam
698 2416 823 2474 terram
848 2427 926 2473 cum
949 2405 1166 2492 pertinenciis
1190 2409 1422 2492 spectantibus
1446 2429 1507 2476 seu
1530 2409 1621 2476 iuste

260 2523 414 2600 spectare
435 2513 627 2581 valentibus
649 2511 900 2598 quomodolibet
926 2512 961 2578 in
987 2513 1138 2580 futurum
1165 2513 1238 2579 sine
1263 2512 1377 2599 aliqua
1403 2515 1620 2582 reuocatione

259 2619 501 2686 reclamatione
513 2630 572 2686 aut
584 2619 850 2686 contradictione
865 2637 1141 2702 quorumeunque
1152 2617 1289 2684 nomine
1301 2639 1377 2685 meo
1390 2621 1619 2704 imposterum

260 2725 409 2791 tiendum
425 2725 520 2792 saluo
536 2734 569 2792 et
585 2735 758 2791 reseruato
774 2723 912 2790 seruitio
928 2723 1064 2790 domino
1079 2733 1196 2790 nostro
1211 2724 1281 2809 regj
1300 2723 1399 2790 solito
1411 2733 1444 2790 et
1457 2735 1621 2792 consueto

259 2830 413 2898 iaciendo
441 2831 524 2896 lnde
551 2829 728 2898 annuatim
755 2829 866 2897 dictus
893 2829 1089 2914 capellanus
1112 2829 1167 2914 quj
1195 2851 1255 2914 pro
1280 2837 1431 2914 tempore
1453 2829 1553 2896 fuerit
1576 2833 1620 2898 sd

260 2936 390 3004 dictum
415 2937 522 3004 altare
549 2939 592 3004 ln
618 2937 789 3004 antedicta
815 2935 958 3004 ecclesia
985 2935 1161 3002 seruitium
1188 2935 1456 3002 ecclesiasticum
1486 2945 1520 3004 et
1546 2957 1621 3005 ora·
1678 2967 1682 2976 ·

260 3041 393 3108 &num
417 3041 576 3127 suffragia
597 3063 658 3127 pro
681 3043 790 3109 salute
814 3041 927 3108 anime
950 3061 1024 3108 mee
1048 3061 1334 3126 personarumque
1358 3040 1619 3126 prescriptamm

260 3155 295 3214 ct
317 3145 469 3214 omnium
492 3145 682 3214 animarum
713 3145 948 3212 detunctorum
978 3143 1128 3212 fidelium
1153 3145 1240 3210 Item
1263 3144 1340 3210 volo
1363 3153 1397 3210 et
1420 3145 1539 3212 ordino
1560 3167 1622 3232 pru

260 3271 317 3318 me
338 3261 373 3318 et
394 3251 552 3318 omnibus
574 3250 711 3318 nomine
735 3237 813 3317 meo
835 3251 925 3336 quod
951 3249 1063 3316 dictus
1087 3249 1283 3334 capellanus
1305 3259 1489 3334 perpetuus
1510 3259 1544 3316 et
1567 3251 1620 3316 sui

260 3377 472 3423 successores
487 3357 619 3442 decentj
636 3365 670 3422 et
685 3355 829 3422 honesto
849 3354 967 3422 habitu
988 3354 1080 3420 horis
1100 3353 1284 3420 maioribus
1304 3353 1482 3420 dominicis
1502 3355 1620 3422 diebus

258 3469 292 3526 et
311 3459 409 3526 iestis
427 3459 618 3546 duplicibus
634 3461 733 3526 quta
750 3462 888 3527 modum
909 3459 999 3526 dicte
1014 3457 1156 3525 ecclesie
1171 3458 1385 3544 parochyalis
1400 3479 1478 3525 cum
1494 3459 1622 3526 ceteris

259 3563 444 3649 capellanis
461 3563 612 3630 eiusdem
630 3574 787 3631 teneatur
801 3563 1024 3649 personaliter
1038 3562 1201 3629 interesse
1216 3571 1350 3630 tantum
1366 3583 1426 3648 pro
1442 3563 1533 3648 omnj
1552 3563 1618 3630 alio

259 3667 402 3736 seruicio
425 3669 567 3754 seculari
592 3669 768 3736 exactione
787 3669 840 3734 vel
864 3670 1031 3736 demanda
1051 3689 1115 3752 que
1136 3668 1178 3734 de
1198 3668 1289 3734 dicta
1309 3677 1399 3734 terra
1419 3689 1497 3734 cum
1518 3669 1619 3754 perti·

259 3773 388 3840 nenciis
408 3773 599 3860 aliqualiter
619 3773 708 3860 exigj
732 3774 853 3859 poterit
872 3783 931 3841 aut
952 3772 1074 3859 requirj
1097 3771 1235 3840 seruitio
1255 3771 1392 3839 domino
1412 3772 1482 3858 regi
1503 3782 1619 3840 nostro

260 3878 416 3946 Predicto
428 3880 592 3946 duntaxat
604 3889 745 3964 accepto
757 3889 928 3946 reseruato
940 3888 1055 3946 tamen
1068 3877 1171 3944 michi
1184 3898 1243 3962 pro
1255 3887 1407 3962 tempore
1420 3899 1495 3944 meo
1507 3880 1618 3962 quoad

259 3983 375 4052 uixero
394 3985 599 4052 Patronatus
623 3986 700 4050 Iure
723 3985 788 4070 maj
813 3985 917 4052 libero
932 3993 1128 4050 tenemento
1151 3983 1301 4050 eiusdem
1325 3983 1372 4048 Et
1395 3991 1472 4067 post
1487 3982 1617 4050 obitum

259 4111 373 4156 meum
397 4089 474 4156 volo
496 4098 530 4156 et
553 4089 670 4156 ordino
690 4090 779 4173 quod
804 4089 863 4156 Ius
889 4097 1101 4173 patronatus,
1111 4086 1262 4154 eiusdem
1286 4085 1472 4171 capellanie
1496 4087 1616 4172 loannj

258 4195 353 4279 fratrj
376 4215 452 4261 meo
472 4215 633 4279 germano
648 4203 683 4260 et
698 4193 769 4260 suis
784 4193 963 4260 heredibus
978 4192 1140 4260 masculis
1160 4201 1290 4276 spectet
1311 4191 1442 4278 Quibus
1462 4191 1618 4258 deficien-

259 4299 351 4366 tibus
373 4298 528 4366 richardo
550 4299 679 4366 Wauss
701 4299 771 4364 filio
792 4299 961 4384 quondam
985 4297 1113 4382 henricj
1137 4299 1266 4364 Wauss
1289 4305 1323 4361 et
1345 4296 1418 4362 suis
1439 4296 1618 4362 heredibus
1638 4311 1742 4370 ίοΜι)ι

260 4403 422 4472 masculis
437 4405 524 4472 Volo
540 4403 678 4489 insuper
691 4414 725 4472 et
746 4404 864 4470 ordino
879 4405 968 4488 quod
984 4403 1012 4470 si
1027 4411 1231 4488 tempestate
1245 4401 1337 4486 ventj
1354 4400 1443 4486 ignis
1458 4410 1517 4467 aut
1533 4400 1618 4467 alias

260 4509 412 4596 predicta
429 4519 519 4578 terra
533 4509 671 4576 minosa
688 4508 811 4576 existat
827 4518 885 4576 aut
902 4509 1095 4576 defectuosa
1113 4507 1148 4572 in
1166 4505 1291 4592 tegulis
1310 4505 1364 4571 vel
1382 4505 1468 4572 alias
1483 4504 1617 4590 quouis·

259 4617 361 4684 modo
383 4617 481 4776 quod¹
494 4637 562 4684 non
585 4615 686 4684 liceat
708 4615 817 4682 eidem
841 4615 1016 4701 capellano
1040 4615 1081 4681 de
1105 4613 1196 4680 dicta
1218 4620 1308 4679 terra
1331 4610 1520 4698 quicunque
1545 4609 1617 4698 [sie]
