4460 5984
732 647 832 714 cm
853 643 1006 714 lolam
1027 652 1136 716 ander
1553 666 1617 736 ¹45

259 823 533 894 HABENDAM
549 828 713 890 totam'et
736 821 910 904 Integram
933 817 1060 886 dictam
1083 827 1209 888 terram
1232 819 1436 890 anteriorem
1451 843 1530 890 cum
1546 821 1617 890 suis

259 928 478 1018 pertinenciis
504 927 634 1014 prefato
660 924 797 993 domino
825 923 969 992 Iohanni
995 931 1029 992 et
1056 922 1127 991 suis
1153 923 1413 994 suecessoribus
1438 927 1480 994 de
1503 948 1559 996 me
1584 937 1618 996 et

259 1036 439 1104 heredibus
453 1032 538 1102 meis
554 1032 588 1100 in
604 1051 724 1118 puram
743 1038 777 1098 et
795 1037 994 1116 perpetuam
1014 1025 1247 1097 Elemosinam
1267 1031 1521 1117 Imperpetuum
1541 1053 1619 1100 cum

260 1141 353 1212 omni
377 1143 455 1210 Iure
476 1148 511 1208 et
534 1137 625 1208 Iuris
647 1135 787 1206 Clameo
811 1133 888 1203 cuin
910 1133 1032 1204 debitis
1052 1133 1261 1221 longitudine
1284 1144 1318 1202 et
1341 1135 1520 1204 latitudine
1542 1157 1620 1204 cum

260 1246 403 1332 edificijs
424 1246 568 1330 desuper
590 1241 794 1312 constructis
813 1249 848 1310 et
869 1239 1104 1310 construendis
1123 1261 1202 1308 cum
1224 1239 1393 1326 lapidibus
1412 1250 1446 1311 et
1467 1243 1560 1312 calce
1580 1263 1620 1310 ac

261 1373 339 1420 cum
356 1349 513 1419 omnibus
527 1347 604 1418 aliis
618 1355 652 1415 et
668 1345 811 1433 singulis
829 1345 1042 1414 libertatibus
1060 1345 1359 1416 commoditatibus
1373 1356 1407 1416 et
1423 1347 1622 1416 asiamentis

262 1477 302 1524 ac
334 1454 440 1522 Iustis
469 1453 540 1522 suis
569 1451 786 1540 pertinenciis
820 1453 1074 1538 Imperpetuum
1104 1459 1176 1519 tarn
1206 1449 1392 1520 nominatis
1421 1475 1523 1540 quam
1553 1475 1621 1520 non

262 1559 447 1630 nominatis
457 1569 530 1628 tam
545 1559 666 1628 subtus
676 1565 802 1626 terram
818 1577 920 1642 quam
937 1575 1039 1642 supra
1051 1557 1094 1624 ad
1106 1555 1233 1624 dictam
1248 1563 1374 1626 terram
1390 1557 1623 1644 spectantibus

263 1688 324 1736 seu
342 1665 431 1734 iuste
448 1672 603 1751 spectare
616 1661 809 1732 valentibus
824 1660 1075 1748 quomodolibet
1093 1659 1128 1728 in
1146 1661 1298 1730 futurum
1316 1661 1401 1730 adeo
1419 1661 1523 1731 libere
1538 1671 1572 1730 et
1587 1661 1622 1728 in

264 1791 347 1857 pace
376 1769 464 1838 sicut
497 1768 611 1855 aliqua
641 1777 731 1836 terra
761 1767 847 1836 infra
876 1787 1018 1853 regnum
1049 1765 1155 1834 scotie
1184 1765 1220 1834 in
1248 1787 1368 1853 puram
1388 1767 1622 1836 Elemosinam

264 1879 364 1946 datur
386 1883 445 1944 aut
464 1873 660 1942 conceditur
678 1872 751 1940 sine
769 1893 969 1958 quocunque
998 1879 1230 1940 retenemento
1254 1881 1314 1942 aut
1338 1873 1514 1944 obstaculo
1532 1873 1624 1942 dicto

265 1979 402 2049 domino
426 1977 571 2046 Iohanni
593 1977 805 2064 personalem
827 1975 1045 2046 residentiam
1065 1975 1152 2046 infra
1171 1975 1300 2046 dietum
1320 1977 1465 2064 burgum
1486 1977 1624 2047 facienti

266 2095 300 2154 et
327 2084 379 2152 sui
406 2105 618 2153 successores
648 2082 803 2150 similiter
829 2104 869 2150 ac
896 2081 999 2150 etiam
1030 2081 1179 2168 quotidie
1209 2103 1287 2152 cum
1317 2082 1472 2170 dispositi
1500 2083 1625 2152 fuerint

265 2187 466 2258 celebraturi
489 2189 532 2256 ad
554 2187 682 2255 dictum
705 2187 813 2255 altare
834 2207 896 2272 pro
918 2185 1029 2253 salute
1051 2206 1128 2254 mea
1147 2194 1181 2253 et
1203 2185 1361 2254 omnihus
1376 2185 1627 2256 Intentionibus

267 2291 352 2362 meis
377 2301 416 2360 ut
439 2313 543 2378 supra
565 2291 708 2358 Necnon
731 2289 880 2358 Chorum
904 2288 1097 2358 huiusmodi
1121 2289 1263 2358 ecclesie
1289 2289 1468 2360 dominicis
1489 2299 1526 2368 et
1549 2289 1626 2358 aliis

266 2397 398 2468 lestiuis
420 2397 538 2466 diebus
559 2399 759 2468 decorantes
780 2397 826 2462 Et
849 2394 878 2462 si
898 2393 1073 2482 confingat
1094 2393 1222 2464 dictum
1243 2395 1418 2465 dominum
1437 2397 1625 2464 Iohannem

268 2513 302 2574 et
322 2525 404 2572 suos
426 2504 648 2572 Successores
669 2501 704 2569 in
727 2501 902 2588 premissis
923 2509 983 2570 aut
1006 2501 1119 2586 aliquo
1140 2501 1381 2587 premissorum
1402 2502 1544 2571 deficere
1561 2501 1632 2572 nisi

268 2609 367 2678 luerit
383 2629 487 2678 causa
503 2605 714 2694 Egritudinis
726 2615 784 2674 aut
800 2627 841 2673 ex
856 2605 994 2692 speciali
1005 2606 1167 2674 facultate
1177 2606 1310 2693 patronj
1324 2629 1384 2694 pro
1395 2616 1547 2694 tempore
1558 2607 1627 2676 Aut

269 2711 486 2798 sicontingat
501 2709 634 2780 edificia
649 2709 843 2778 huiusmodi
858 2719 947 2776 terre
962 2709 1104 2778 deficere
1119 2709 1154 2776 in
1170 2709 1303 2778 defectu
1318 2711 1494 2798 Capellanj
1508 2710 1543 2778 in
1554 2721 1628 2780 toto

269 2816 323 2884 uel
339 2815 374 2881 in
390 2824 488 2902 parte
505 2823 588 2882 tunc
608 2813 739 2882 licitum
759 2813 823 2882 erit
842 2821 987 2900 patrono
1006 2833 1085 2880 cum
1105 2813 1224 2882 eadem
1246 2813 1444 2901 capellania
1463 2815 1629 2885 intromit-

271 2930 343 2989 tere
365 2929 399 2986 et
422 2939 500 2986 cum
521 2917 689 2986 uniuersis
710 2917 875 2986 fructibus
897 2915 1047 2985 eiusdem
1069 2925 1102 2986 et
1122 2917 1166 2986 ad
1184 2917 1404 3005 applicandas
1426 2920 1562 2990 easdem
1585 2923 1629 2992 ad

271 3022 520 3110 reparationem
540 3021 733 3090 huiusmodi
753 3021 960 3090 edificiorum
980 3021 1102 3108 quibus
1121 3021 1286 3108 reparatis
1305 3021 1436 3092 licitum
1456 3025 1520 3094 erit
1539 3025 1630 3096 dicto

271 3113 415 3216 panone
440 3130 482 3197 de
511 3128 630 3196 eadem
660 3125 859 3212 Cuicunque
885 3127 1062 3216 capellano
1089 3129 1221 3213 ydoneo
1250 3125 1427 3213 disponere
1456 3137 1490 3198 et
1519 3129 1629 3198 eidem

274 3235 396 3304 sinitur
415 3233 565 3302 conferre
584 3235 711 3318 absque
727 3252 926 3318 quocunque
946 3229 1122 3300 obstaculo
1142 3231 1189 3298 Et
1209 3251 1272 3318 ego
1286 3253 1366 3300 vero
1380 3231 1492 3302 dictus
1508 3233 1631 3302 Iohan-

275 3361 336 3407 nes
361 3339 503 3406 heredes
529 3338 595 3404 mei
621 3347 655 3404 et
682 3335 846 3422 assignati
873 3344 983 3404 totam
1005 3344 1040 3406 et
1066 3335 1233 3422 integram
1255 3333 1382 3406 dictam
1404 3344 1530 3406 terram
1552 3358 1630 3406 cum

275 3443 492 3534 pertinenciis
515 3443 644 3530 prefato
670 3442 807 3512 domino
834 3441 979 3510 Iohanni
1003 3449 1037 3509 et
1061 3440 1133 3510 suis
1158 3441 1409 3512 successoribus
1432 3463 1493 3530 per
1514 3465 1633 3514 omnes

274 3561 382 3618 terras
404 3558 438 3616 et
462 3549 694 3635 possessiones
715 3557 851 3616 nostras
875 3557 994 3616 contra
1020 3567 1139 3614 omnes
1161 3545 1323 3614 mortales
1345 3545 1632 3618 varantizahImus

275 3652 543 3742 acquietabimus
562 3661 596 3722 et
620 3654 874 3740 Imperpetuum
897 3651 1116 3720 defendemus
1138 3649 1365 3737 Infringentes
1386 3651 1495 3738 Igitur
1515 3661 1574 3720 aut
1597 3651 1632 3720 in

275 3759 390 3845 aliquo
405 3756 584 3844 infringere
598 3766 819 3844 procurantes
833 3756 922 3824 hanc
938 3776 1052 3825 meum
1067 3753 1300 3824 fundationem
1315 3755 1533 3824 donationem
1545 3757 1632 3826 Con·

276 3860 464 3930 cessionem
479 3869 514 3928 et
529 3860 712 3930 elemosine
726 3859 1017 3930 confirmationem
1034 3857 1307 3946 Indignationem
1323 3858 1377 3928 dei
1392 3859 1635 3948 omnipotentis
1669 3869 1672 3876 ’

277 3976 311 4036 et
328 3969 534 4036 Intemerate
550 3965 699 4034 eiusdem
715 3966 888 4054 genitricis
903 3965 1008 4034 marie
1023 3965 1243 4051 omniumque
1254 3963 1440 4034 Celestium
1455 3965 1582 4035 ciuium
1598 3989 1634 4034 se

277 4073 433 4142 nouerint
446 4074 643 4140 Incessuros
655 4073 705 4140 IN
718 4073 866 4142 CUIUS
877 4071 941 4140 Rei
950 4069 1182 4139 testimonium
1196 4067 1351 4156 Sigillum
1364 4089 1477 4139 meum
1489 4091 1634 4140 unacum

278 4177 389 4264 sigillo
404 4176 610 4246 honorabilis
624 4176 687 4244 viri
707 4175 872 4246 Iohannis
887 4175 1059 4246 Collisone
1072 4173 1172 4244 vnius
1190 4173 1391 4244 balliuorum
1407 4177 1449 4244 de
1459 4177 1635 4246 Aberdene

279 4296 312 4352 et
333 4285 461 4354 datoris
480 4284 593 4352 sasine
613 4285 825 4372 presentibus
846 4293 924 4354 sunt
945 4285 1044 4354 affixa
1066 4285 1143 4352 Iure
1157 4303 1237 4351 vero
1252 4283 1452 4370 patronatus
1466 4283 1556 4354 dicte
1571 4285 1635 4352 Ca·

279 4388 424 4476 pellanie
435 4388 539 4458 michi
551 4398 585 4456 et
600 4388 779 4457 heredibus
794 4387 880 4456 meis
894 4396 1066 4456 reseruato
1081 4385 1203 4473 quibus
1217 4383 1452 4454 deficientibus
1466 4383 1636 4472 preposito

279 4505 313 4562 et
344 4494 549 4564 Consulibus
574 4496 617 4562 de
640 4495 815 4562 Aberdene
844 4492 1084 4582 perpetualiter
1108 4499 1305 4560 remanente
1331 4491 1378 4558 Et
1404 4491 1447 4560 ad
1473 4489 1634 4558 maiorem

280 4599 520 4684 premissorum
540 4601 746 4670 euidentiam
767 4601 846 4670 huic
866 4599 1013 4686 presenti
1033 4601 1135 4668 Carte
1149 4595 1358 4666 fundationis
1377 4617 1452 4664 mee
1468 4593 1636 4664 manualis

944 4703 967 4753 ‘r
