4472 5992
574 685 673 758 Carta
686 687 1022 776 sumanmisaltarts
1047 691 1161 760 Seresti
1181 691 1310 762 niumm·

905 901 981 968 XV.

526 1041 626 1130 copia
647 1049 729 1110 carte
745 1044 948 1129 fundacionis
970 1044 1081 1112 altaris
1102 1007 1214 1112 Sancti
1234 1045 1363 1114 asiniani

360 1181 548 1250 MNIBUS
570 1182 659 1250 hanc
683 1193 812 1252 cartam
834 1181 958 1250 visuris
977 1183 1030 1250 vel
1054 1183 1219 1251 audituris
1241 1185 1437 1254 Willelmus
1459 1187 1625 1256 meldrum

403 1285 572 1355 Dominus
600 1290 641 1355 de
671 1288 756 1374 fywe
787 1291 951 1356 Etemam
982 1287 1017 1355 in
1048 1289 1185 1356 domino
1216 1291 1367 1358 Salutem
1399 1312 1477 1360 cum
1507 1313 1627 1361 omnes

267 1393 433 1462 stabimus
460 1403 539 1462 ante
565 1393 712 1464 tribunal
739 1395 879 1462 Domini
909 1393 1016 1462 nostri
1044 1395 1147 1462 Ihesu
1177 1395 1271 1463 cristi
1302 1397 1374 1464 siue
1401 1399 1527 1466 bonum
1553 1397 1626 1466 siue

269 1497 396 1565 malum
416 1497 515 1564 fuerit
538 1497 704 1586 recepturi
727 1507 825 1584 prout
841 1498 875 1566 in
891 1519 1029 1585 corpore
1050 1499 1220 1586 gessimus
1243 1499 1352 1586 Igitur
1373 1501 1462 1570 diem
1484 1502 1626 1571 extremi

270 1599 390 1670 ludicii
417 1601 574 1688 operibus
600 1601 827 1670 misericordie
852 1601 1034 1689 expediens
1059 1613 1111 1670 est
1137 1603 1311 1689 preuenire
1335 1614 1372 1672 ut
1397 1605 1565 1676 seminata
1590 1607 1625 1676 in

268 1707 367 1774 terris
389 1705 576 1792 multiplice
595 1707 706 1774 fructu
727 1707 928 1792 colligamus
950 1706 985 1774 in
1008 1707 1090 1774 celis
1106 1707 1203 1774 Vnde
1226 1707 1389 1774 noueritis
1411 1731 1465 1776 me
1487 1711 1522 1776 in
1545 1733 1625 1798 aug·

270 1821 421 1880 mentum
443 1810 549 1880 diuini
565 1811 678 1879 cultus
693 1821 726 1880 et
742 1812 903 1880 honorem
913 1861 916 1867 -
927 1812 980 1882 dei
1004 1811 1246 1898 omnipotentis
1266 1813 1461 1882 beatissime
1476 1815 1628 1902 Virginis

269 1916 374 1986 marie
404 1917 524 1986 matris
549 1939 610 1985 sue
638 1917 755 1986 Sancti
784 1917 923 1986 Niniani
953 1918 1155 1986 confessoris
1181 1929 1214 1986 et
1241 1919 1393 1988 omnium
1424 1921 1627 1990 Sanctorum

270 2021 403 2090 dedisse
426 2021 635 2090 concessisse
657 2022 853 2110 assignasse
876 2033 909 2092 et
933 2023 997 2092 hac
1020 2023 1167 2110 presenti
1192 2033 1286 2094 carta
1309 2047 1385 2094 mea
1409 2027 1629 2098 confirmasse

269 2129 333 2198 deo
355 2127 579 2214 omnipotenti
602 2128 844 2215 gloriosissime
859 2129 980 2214 virgini
1004 2129 1109 2196 marie
1131 2129 1289 2200 omnibus
1313 2130 1450 2200 Sanctis
1472 2142 1506 2200 et
1529 2133 1628 2202 altari

271 2233 361 2302 beati
384 2231 523 2320 Ninianj
550 2233 641 2301 Infra
660 2232 839 2302 ecclesiam
861 2232 1089 2319 parochialem
1110 2235 1228 2304 Sancti
1248 2235 1407 2322 nicholaij
1429 2237 1470 2305 de
1490 2237 1628 2306 abirden

270 2339 397 2408 situato
412 2349 446 2406 et
461 2338 599 2408 domino
612 2341 761 2407 Roberto
773 2339 835 2405 leis
851 2339 1026 2425 capellano
1039 2361 1115 2406 meo
1124 2350 1286 2426 perpetuo
1302 2341 1432 2410 Ibidem
1444 2341 1628 2412 celebranti

270 2453 304 2512 et
319 2443 391 2514 suis
406 2443 658 2512 successoribus
673 2443 891 2512 celebraturis
907 2466 966 2530 pro
982 2443 1097 2512 anima
1115 2466 1191 2512 mea
1206 2455 1240 2512 et
1256 2443 1434 2514 animabus
1449 2457 1628 2533 parentum

270 2571 504 2618 successorum
520 2559 554 2616 et
570 2549 821 2618 benefactorum
838 2571 989 2616 meorum
1005 2571 1046 2616 ac
1061 2549 1213 2616 omnium
1229 2549 1378 2618 fidelium
1394 2551 1629 2622 defunctorum

270 2663 304 2720 et
328 2653 462 2722 illorum
482 2677 503 2720 a
524 2652 645 2738 quibus
668 2653 781 2738 aliqua
804 2656 893 2722 bona
914 2675 1061 2739 vnquam
1082 2653 1170 2722 iuste
1193 2653 1295 2722 habui
1318 2665 1409 2722 totos
1429 2665 1463 2724 et
1479 2657 1629 2744 integros

271 2777 402 2827 annuos
417 2759 569 2828 redditus
585 2781 679 2826 meos
702 2759 910 2845 subscriptos
924 2759 978 2826 viz
996 2781 1101 2826 vnum
1120 2781 1271 2828 annuum
1288 2761 1470 2830 Redditum
1487 2765 1628 2850 quadra·

270 2863 365 2950 ginta
392 2863 574 2932 solidorum
601 2864 729 2932 vsualis
759 2873 893 2932 monete
919 2864 1030 2933 scocie
1059 2865 1235 2934 annuatim
1263 2866 1444 2935 leuandum
1470 2871 1512 2936 de
1537 2879 1629 2938 totas

270 2979 304 3038 et
327 2967 476 3057 integras
494 2969 593 3038 terris
615 2972 657 3038 de
679 2973 919 3040 Wattertoune
941 2973 983 3038 de
1006 2971 1095 3038 ellon
1119 2993 1360 3058 superaquam
1384 2975 1425 3042 de
1439 2974 1566 3060 ythane
1588 2995 1630 3042 ex

271 3077 396 3146 boreali
412 3087 507 3162 parte
519 3077 669 3144 eiusdem
681 3097 785 3146 vnum
797 3099 948 3145 annuum
963 3077 1131 3144 redditum
1143 3080 1285 3149 duarum
1302 3099 1490 3147 mercatum
1501 3079 1630 3148 vsualis

272 3191 406 3250 monete
428 3181 539 3250 scocie
561 3183 602 3250 de
624 3181 707 3250 totis
729 3191 762 3248 et
786 3182 926 3268 integris
949 3182 1047 3250 terris
1070 3185 1111 3250 de
1134 3183 1288 3250 ordelork
1311 3205 1388 3252 cum
1413 3183 1629 3268 pertinenciis

273 3287 467 3356 lacentibus
493 3287 527 3354 in
554 3287 703 3356 dominio
726 3289 767 3354 de
790 3287 956 3354 maldrum
983 3287 1069 3354 infra
1094 3287 1368 3356 vicecomitatum
1395 3289 1437 3354 de
1463 3291 1629 3356 aberdene

270 3417 374 3464 vnum
395 3413 545 3464 annuum
561 3395 728 3464 redditum
744 3394 915 3462 trisdecim
941 3394 1122 3462 solidorum
1144 3405 1177 3464 et
1198 3403 1343 3480 quatuor
1360 3393 1572 3464 denariorum
1587 3397 1630 3464 de

270 3511 359 3570 tens
375 3503 544 3587 quondam
558 3501 721 3569 Iohannis
735 3501 866 3588 gregori
884 3503 1021 3568 Iacente
1036 3499 1124 3568 intra
1137 3498 1265 3568 dictum
1283 3502 1426 3587 burgum
1438 3501 1480 3568 de
1491 3500 1629 3570 abirden

271 3608 306 3676 in
321 3607 396 3678 vico
411 3608 580 3676 furcarum
595 3629 637 3676 ex
652 3607 852 3674 occidentali
876 3617 971 3694 parte
993 3605 1144 3676 eiusdem
1159 3605 1224 3674 vici
1241 3605 1329 3674 inter
1344 3615 1468 3674 terram
1484 3605 1630 3674 Walteri

272 3713 383 3782 Wode
395 3735 436 3782 ex
447 3713 588 3782 australi
603 3723 699 3798 parte
714 3735 755 3780 ex
765 3733 832 3780 vna
847 3723 881 3780 et
896 3723 1021 3780 terram
1036 3711 1198 3780 Iohannis
1209 3711 1330 3780 culane
1341 3733 1382 3780 ex
1393 3709 1518 3780 boreali
1533 3721 1630 3798 parte

271 3839 312 3886 ex
327 3817 434 3886 altera
445 3837 549 3886 vnum
565 3837 715 3886 annuum
729 3815 912 3886 Redditum
929 3817 1037 3886 decim
1054 3817 1237 3886 solidorum
1250 3817 1291 3884 de
1303 3816 1393 3885 dicta
1404 3825 1494 3886 terra
1509 3815 1629 3904 prelati

271 3922 416 3992 Walteri
432 3925 543 3992 Wode
558 3921 646 3991 inter
660 3933 785 3992 terram
801 3923 982 3992 Alexandri
1004 3923 1186 3992 Mathoson
1202 3945 1244 3992 ex
1258 3922 1398 3992 australi
1414 3933 1628 4009 parternum

272 4049 423 4097 annuum
437 4027 605 4098 redditum
618 4028 727 4098 decim
743 4027 926 4096 solidorum
939 4031 980 4096 de
992 4028 1083 4096 dicta
1094 4038 1183 4096 terra
1198 4028 1317 4114 prelati
1331 4027 1494 4096 Iohannis
1509 4027 1630 4096 culsne

271 4131 359 4198 inter
373 4141 498 4202 terram
513 4132 615 4202 dauid
630 4142 706 4219 prat
722 4153 763 4200 ex
778 4133 903 4202 boreali
919 4142 952 4202 et
968 4141 1092 4202 terram
1113 4133 1194 4200 dicti
1210 4132 1355 4202 Walteri
1371 4133 1483 4200 Wode
1497 4153 1539 4198 ex
1552 4155 1629 4200 aus·
1718 4143 1719 4151 ’

270 4237 348 4305 trali
374 4247 407 4308 et
433 4257 537 4306 vnum
564 4258 714 4308 annuum
743 4239 926 4334 Redditum
954 4261 1012 4306 sex
1039 4237 1220 4306 solidorum
1249 4247 1283 4306 et
1312 4245 1389 4304 octo
1415 4235 1629 4306 denariorum

270 4343 398 4412 usualis
420 4355 555 4414 monete
581 4345 691 4414 scocie
717 4347 758 4414 de
784 4348 930 4432 quadam
960 4355 1050 4412 terra
1076 4343 1164 4412 vasti
1193 4353 1227 4411 et
1257 4341 1392 4429 penitus
1420 4339 1631 4426 inhospitata

268 4449 404 4534 jacente
419 4449 454 4516 in
468 4451 543 4518 vico
558 4451 656 4519 viridi
672 4473 712 4518 ex
728 4451 852 4520 boreali
869 4461 964 4537 parte
979 4453 1100 4518 domus
1114 4451 1255 4518 fratrum
1272 4446 1533 4517 Carmelitarum
1548 4444 1630 4512 dicti

272 4556 369 4642 burgi
384 4555 566 4626 Tenendos
580 4558 754 4627 habendos
768 4567 802 4624 et
818 4557 1040 4642 possidendos
1054 4577 1173 4624 omnes
1188 4565 1221 4624 et
1237 4553 1389 4640 singulos
1410 4573 1543 4622 annuos
1557 4552 1631 4618 red·

272 4661 362 4730 ditus
382 4683 476 4732 meos
496 4663 687 4732 antedictos
707 4685 784 4730 cum
806 4661 877 4730 suis
892 4662 1109 4749 pertinenciis
1128 4661 1259 4747 prelato
1276 4657 1579 4730 dominoRoberto
1595 4665 1629 4724 et
