4490 5990
642 611 703 680 128
1052 605 1152 672 Cana
1173 603 1295 670 domini
1316 603 1467 670 [olma
1489 605 1593 672 lilslar

776 790 868 850 carte
896 776 1010 862 Iacobj
1039 775 1203 844 collisoun
1230 773 1407 862 burgensis
1432 775 1528 864 burgi
1555 779 1596 845 de
1618 778 1793 848 Aberdene
1819 783 1862 848 de
1883 781 2003 869 viginti

716 959 723 973 ‚
777 887 894 958 solidis
925 907 985 974 pro
1014 905 1082 952 vno
1111 883 1342 952 anniuersario
1371 883 1472 954 dictis
1508 883 1693 972 capellanis
1722 895 1757 954 et
1787 897 1905 957 curato
1934 889 2004 978 diuj

773 989 909 1078 nicolaij
923 993 964 1058 de
975 990 1121 1059 aberden
1136 988 1280 1056 fideliter
1294 987 1420 1074 scripta
1431 1011 1491 1076 per
1505 1010 1560 1056 me
1575 989 1776 1076 magistrum
1788 991 2000 1061 Willelmum

774 1093 968 1188 philipsoun
985 1094 1243 1164 auctoritatibus
1261 1093 1374 1182 papali
1397 1104 1430 1162 et
1453 1095 1619 1182 imperiali
1642 1097 1812 1167 notarium
1829 1099 2001 1186 publicum

775 1205 1012 1292 presbyterum
1036 1199 1209 1268 dioceseos
1231 1199 1471 1268 aberdonensis
1494 1209 1527 1268 et
1551 1203 1733 1269 concordat
1756 1224 1834 1270 cum
1858 1225 1920 1274 sua
1942 1205 2006 1272 ori·

773 1309 877 1394 ginali
894 1309 999 1376 Carta
1014 1305 1167 1374 deverbo
1183 1304 1218 1372 in
1229 1305 1367 1373 verbum
1384 1307 1473 1392 quod
1489 1313 1634 1374 attestor
1648 1306 1745 1393 signo
1756 1315 1790 1376 et
1802 1307 2002 1396 cirographo

685 1393 722 1508 ξ’
773 1413 853 1482 huic
868 1411 1034 1498 appositis
1056 1410 1236 1478 millesimo
1259 1411 1529 1498 quingentesimo
1543 1411 1705 1482 vicesimo
1727 1413 1905 1500 primodie
1921 1437 2002 1484 uero

775 1517 902 1586 mensis
917 1516 997 1602 maij
1014 1514 1146 1584 decimo
1161 1525 1280 1602 quarto

1239 1857 1242 1864 ’
1268 1883 1376 1948 Lxx.

738 2131 926 2202 MNIBUS
952 2130 1041 2196 hanc
1068 2129 1207 2196 Cartam
1234 2127 1356 2196 visuris
1377 2127 1430 2195 vel
1457 2127 1623 2196 audituris
1645 2128 1802 2196 dominus
1831 2129 2002 2197 Iohannes

780 2237 892 2304 litstar
915 2233 1111 2321 capellanus
1133 2231 1251 2302 altaris
1275 2235 1477 2302 Sanctorum
1508 2233 1656 2320 Cn'spinj
1680 2244 1714 2302 et
1737 2233 1941 2320 Crispinianj
1966 2235 2001 2302 in

645 2341 788 2412 ecclesia
801 2339 993 2426 Perrochalj
1007 2338 1048 2406 de
1059 2339 1234 2407 Aberdene
1250 2339 1416 2407 Eternam
1431 2336 1466 2406 in
1478 2337 1615 2407 domino
1627 2339 1772 2407 salutem
1785 2340 1872 2406 Cum
1883 2359 2003 2408 omnes

645 2447 812 2528 stabimus
823 2453 903 2514 ante
915 2443 1063 2512 tribunal
1074 2439 1202 2510 domini
1215 2439 1321 2510 nostri
1335 2441 1438 2510 Ihesu
1451 2441 1544 2510 cristi
1556 2441 1629 2511 siue
1643 2444 1770 2512 bonum
1782 2443 1855 2512 siue
1870 2443 2001 2512 malum

643 2551 743 2620 fuerit
760 2549 942 2636 Receptun'
958 2557 1058 2636 prout
1074 2547 1109 2614 in
1125 2569 1263 2634 corpore
1277 2547 1446 2634 gessimus
1470 2547 1578 2636 Igitur
1600 2549 1689 2618 diem
1712 2549 1853 2636 extremj
1879 2549 2001 2636 Iudicij

644 2657 801 2744 operibus
835 2653 1062 2723 misericordie
1087 2653 1268 2740 expediens
1294 2663 1345 2722 est
1372 2654 1547 2738 preuenire
1575 2663 1612 2722 vt
1642 2653 1810 2723 seminata
1839 2655 2003 2723 interris

645 2762 825 2850 multiplici
845 2763 955 2830 fructu
974 2759 1174 2846 colligamus
1189 2759 1224 2828 in
1240 2760 1322 2828 celis
1336 2763 1423 2828 vnde
1439 2759 1613 2828 Noueritis
1635 2783 1690 2829 me
1712 2761 1827 2829 diuino
1850 2761 2004 2830 caritatis

647 2867 779 2936 intuitu
796 2869 837 2934 In
848 2865 1011 2934 honorem
1024 2865 1077 2934 dei
1090 2864 1332 2951 omnipotentis
1345 2864 1549 2934 Beatissime
1559 2865 1699 2952 virginis
1710 2865 1816 2933 marie
1827 2865 2003 2934 beatorum

646 2971 816 3058 Nicholaij
835 2971 985 3038 Barbare
1007 2991 1047 3037 ac
1070 2969 1222 3036 omnium
1242 2969 1377 3039 Ciuium
1398 2969 1574 3038 celestium
1595 2991 1655 3056 pro
1673 2970 1784 3039 salute
1799 2969 1913 3038 anime
1928 2990 2004 3039 mec

646 3077 838 3146 animarum
859 3084 1037 3164 parentum
1054 3097 1205 3144 meorum
1227 3077 1479 3146 benefactonrm
1495 3077 1822 3164 consanguineorum
1838 3085 1871 3144 et
1887 3098 2004 3144 eorum

646 3183 800 3270 aquibus
815 3182 929 3270 aliqua
940 3182 1029 3250 bona
1045 3181 1157 3270 minus
1172 3182 1260 3250 iuste
1275 3181 1378 3250 habui
1390 3192 1423 3250 et
1436 3183 1588 3252 omnium
1603 3183 1753 3251 fidelium
1769 3181 2004 3250 defunctorum
2026 3213 2034 3236 ι

646 3287 779 3356 dedisse
802 3286 1011 3356 concessisse
1033 3286 1225 3374 assignasse
1248 3296 1282 3356 et
1305 3287 1370 3356 hac
1392 3288 1540 3375 presenti
1563 3297 1658 3356 carta
1681 3309 1758 3356 mea
1784 3287 2004 3354 confirmasse

645 3391 893 3460 venerabilibus
908 3401 941 3460 et
957 3391 1112 3460 discretis
1126 3391 1207 3460 viris
1222 3395 1350 3462 Curato
1372 3403 1406 3460 et
1428 3392 1614 3480 capellanis
1636 3392 1729 3460 chori
1753 3391 1842 3461 dicte
1860 3391 2003 3459 ecclesie

645 3505 737 3564 totos
753 3507 786 3564 et
802 3496 952 3583 integros
967 3517 1098 3564 annuos
1115 3497 1280 3566 Redditus
1296 3519 1390 3566 meos
1406 3497 1614 3584 subscriptos
1629 3519 1670 3564 ex
1685 3519 1761 3564 meo
1776 3495 1911 3584 proprio
1926 3517 2004 3564 con·

646 3610 768 3687 questu
794 3611 1010 3688 recuperatos
1031 3601 1186 3671 videlicet
1209 3624 1313 3672 vnum
1337 3623 1487 3672 annuum
1512 3602 1696 3672 Redditum
1720 3611 1797 3672 octo
1818 3601 2003 3670 solidorum

645 3707 774 3776 usualis
797 3717 932 3776 monete
959 3707 1069 3777 scocie
1098 3709 1275 3778 annuatim
1302 3719 1480 3778 exeuntem
1511 3719 1545 3778 et
1574 3710 1756 3778 leuandum
1787 3710 1829 3778 de
1858 3707 1941 3776 totis
1970 3715 2005 3776 et

647 3813 788 3899 integris
814 3813 924 3882 Rudis
949 3813 1022 3882 siue
1047 3813 1221 3901 perticatis
1246 3825 1410 3884 terrarum
1441 3825 1475 3884 et
1501 3815 1641 3884 edificiis
1664 3817 1847 3883 earundem
1870 3815 2004 3882 Andree

648 3919 731 3985 lake
754 3917 940 4004 Burgensis
963 3919 1068 4005 Burgi
1091 3921 1132 3988 de
1157 3921 1342 4007 Inueroury
1358 3921 1553 3990 lacentibus
1576 3921 1668 3988 Infra
1690 3921 1834 3987 eundem
1858 3919 2001 4004 burgum

647 4027 689 4092 de
716 4025 903 4110 Inueroury
927 4022 1082 4092 videlicet
1109 4027 1150 4092 de
1177 4025 1285 4092 tribus
1310 4025 1418 4093 Rudis
1448 4025 1555 4112 ipsius
1584 4027 1708 4092 andree
1739 4023 1934 4090 lacentibus
1963 4043 2005 4088 ex

617 4191 619 4198 .
647 4128 802 4196 orientali
825 4137 920 4214 parte
943 4129 1024 4198 dicti
1046 4129 1142 4218 burgi
1158 4130 1247 4199 inter
1260 4140 1385 4199 terram
1401 4130 1667 4199 ecclesiasticam
1683 4152 1725 4196 ex
1739 4129 1865 4198 boreali
1881 4151 1922 4196 ex
1936 4149 2003 4197 vna

647 4244 805 4304 ettenas
820 4235 985 4306 Willelmi
1001 4237 1163 4306 tailzeour
1178 4261 1219 4306 cx
1234 4239 1375 4308 australi
1390 4240 1543 4325 partibus
1557 4240 1600 4307 ab
1616 4239 1722 4306 altera
1737 4245 1771 4306 et
1787 4255 2002 4305 communem

645 4341 736 4408 viam
755 4341 898 4429 Regiam
913 4365 1031 4411 versus
1046 4343 1157 4412 oriens
1173 4345 1219 4412 Et
1235 4347 1276 4412 de
1292 4347 1423 4415 duabus
1439 4345 1548 4413 Rudis
1562 4355 1727 4412 terrarum
1752 4341 1948 4410 lacentibus
1962 4363 2004 4408 ex

647 4445 802 4513 orientali
825 4457 921 4534 parte
943 4447 1093 4516 eiusdem
1117 4449 1204 4516 inter
1225 4459 1334 4516 terras
1358 4450 1496 4518 Roberti
1520 4451 1706 4518 andersone
1732 4469 1773 4514 ex
1799 4445 1942 4514 australi
1968 4453 2002 4513 et

647 4559 771 4621 terram
789 4551 953 4621 Iohannis
967 4553 1163 4622 Andersone
1181 4575 1222 4622 ex
1245 4554 1370 4624 boreali
1392 4556 1526 4643 Aquam
1549 4555 1590 4622 de
1613 4573 1697 4640 oury
1710 4571 1829 4619 versus
1843 4549 1955 4618 on'ens
1970 4559 2004 4616 et
