4490 5990
812 607 912 674 Corio
934 605 1033 672 llrome
1054 605 1207 672 ehawrmr
1630 623 1691 687 123

332 779 378 844 de
390 779 511 846 eadem
525 787 616 845 terra
629 795 708 846 cum
722 771 938 865 pertinenciis
950 779 1048 845 Vnde
1060 778 1142 846 hora
1157 778 1223 844 diei
1240 777 1389 863 legitime
1404 775 1582 864 expectata
1596 777 1691 844 nulla

333 889 431 966 prone
458 889 676 966 comparente
705 899 768 948 nec
796 880 1047 948 contradicente
1086 879 1243 948 omnibus
1281 882 1451 946 Interesse
1487 879 1692 946 habentibus

332 981 500 1068 legittime
520 983 652 1052 vocatis
674 993 708 1052 et
730 1003 798 1050 non
821 981 1097 1070 comparentibus
1118 984 1230 1050 dictus
1252 983 1410 1050 dominus
1428 983 1529 1050 dauid
1545 981 1691 1069 porrexit

331 1085 482 1172 plegium
496 1085 532 1154 iu
548 1087 707 1156 manibus
722 1087 898 1172 normandj
917 1087 1022 1173 lesley
1037 1087 1212 1172 sergeandi
1236 1085 1325 1172 quod
1347 1087 1420 1172 ipse
1436 1107 1576 1154 causam
1592 1103 1691 1154 suant

329 1189 477 1258 obtinuit
502 1189 539 1256 in
564 1189 818 1277 recuperatione
844 1188 1060 1275 proprietatis
1082 1188 1173 1256 dicta
1195 1197 1283 1256 terre
1305 1197 1401 1256 vaste
1424 1209 1503 1256 cum
1526 1187 1597 1256 suis
1619 1207 1691 1274 per·

306 1329 310 1340 ·
332 1293 491 1362 tineneiis
507 1295 620 1381 Quare
634 1295 808 1362 decretum
830 1291 893 1360 fuit
916 1311 976 1378 per
998 1293 1127 1360 curiam
1150 1300 1184 1358 et
1207 1293 1325 1360 datum
1348 1309 1409 1376 pro
1433 1289 1563 1358 IudicIo
1578 1311 1638 1376 per
1652 1309 1691 1360 os

331 1395 504 1464 alexandri
519 1397 683 1464 tailzecur
704 1395 906 1464 Iudicatoris
924 1395 1015 1462 curie
1031 1397 1120 1480 quod
1135 1395 1247 1462 dictus
1261 1393 1421 1462 dominus
1436 1393 1538 1462 dauid
1553 1393 1690 1466 nomine

330 1500 498 1568 dictorum
517 1499 773 1586 ,capellanorum
796 1497 1036 1586 proprietatem
1060 1497 1187 1584 prefate
1210 1507 1298 1566 terre
1313 1507 1409 1566 vaste
1429 1517 1507 1566 cum
1526 1497 1597 1566 suis
1617 1515 1689 1582 per-

330 1602 489 1672 tinenciis
509 1601 660 1688 legitime
679 1601 890 1689 recuperauit
911 1604 954 1670 ob
974 1609 1008 1670 et
1030 1610 1164 1687 propter
1184 1601 1352 1670 delectum
1372 1599 1555 1668 solucionis
1575 1601 1690 1671 huius·

331 1705 423 1774 modi
445 1705 550 1776 annui
572 1705 724 1774 redditus
739 1723 840 1790 super
854 1704 977 1790 quibus
1000 1704 1157 1774 omnibus
1177 1713 1211 1770 et
1234 1701 1377 1788 singulis
1399 1701 1511 1772 dictus
1532 1702 1690 1775 domiuus

331 1807 433 1876 dauid
470 1829 544 1874 mar
579 1815 715 1876 nostrae
749 1807 865 1876 literas
896 1805 1145 1874 testimoniales
1177 1805 1297 1890 sigillis
1333 1805 1460 1874 nostris
1494 1805 1691 1874 roborandis

329 1931 474 1980 unacum
491 1909 738 1996 subscriptione
753 1909 876 1994 notarij
899 1909 1022 1994 publici
1046 1907 1226 1994 subscripti
1246 1908 1439 1978 reuerencia
1454 1908 1567 1978 debita
1588 1910 1689 1996 peciit

330 2033 416 2098 quas
435 2012 544 2080 eidem
568 2011 747 2080 caritatiue
770 2011 1000 2080 concessimus
1021 2032 1111 2080 anno
1134 2010 1188 2078 die
1211 2032 1327 2078 mense
1350 2021 1384 2079 et
1406 2012 1481 2080 loco
1504 2014 1691 2098 prenotatis

331 2113 520 2182 Indicticne
543 2123 639 2182 sexta
666 2113 897 2201 pontifficntus
924 2113 1132 2180 sanctissimi
1159 2113 1195 2180 in
1222 2113 1350 2182 christo
1376 2114 1484 2200 patris
1506 2127 1539 2184 et
1563 2116 1691 2190 domini

330 2217 436 2286 nostri
451 2218 579 2286 domini
595 2217 703 2286 leonis
717 2239 803 2304 pape
818 2215 940 2284 decimi
963 2237 1054 2284 anno
1074 2226 1195 2302 quarto
1209 2227 1288 2284 acta
1303 2227 1399 2286 erant
1416 2218 1478 2286 hec
1494 2213 1529 2284 in
1544 2219 1691 2304 pretorio

330 2320 502 2390 antedicto
528 2320 611 2388 hora
633 2319 812 2388 undecima
837 2329 917 2388 ante
943 2319 1116 2388 meridiem
1144 2319 1357 2404 presentibus
1384 2320 1514 2390 Ibidem
1538 2321 1691 2393 honestis

330 2434 364 2492 et
387 2423 565 2510 fidedignis
586 2422 668 2490 viris
689 2422 808 2490 thoma
827 2443 923 2490 waus
942 2423 1044 2490 dauid
1065 2443 1138 2490 mar
1158 2423 1293 2490 iuniore
1313 2423 1495 2492 alexandro
1510 2435 1690 2496 wentoune

330 2525 468 2594 waltero
497 2525 682 2592 howosoun
711 2525 844 2592 roberto
874 2545 1010 2592 menzes
1040 2524 1263 2610 burgensibus
1291 2525 1373 2593 dicti
1403 2527 1499 2614 burgj
1529 2527 1689 2598 willelmo

330 2627 536 2714 scrimgecur
558 2625 661 2694 dauid
684 2625 813 2696 henrici
835 2635 869 2694 et
891 2627 1031 2696 waltero
1054 2627 1233 2696 allansoun
1257 2627 1452 2714 sergeandis
1477 2630 1622 2698 testibus
1645 2634 1688 2700 ad

330 2729 496 2820 premissa
510 2727 641 2799 vocatis
655 2728 781 2818 pariter
795 2749 860 2816 que
875 2737 909 2796 et
925 2729 1053 2816 rogatis

461 2903 507 2972 Et
523 2925 585 2991 ego
608 2923 689 2970 uero
706 2901 876 2970 Iohannes
893 2901 1078 2988 Striueling
1093 2905 1268 2989 presbyter
1291 2901 1408 2972 Sancti
1433 2905 1558 2972 andree
1581 2903 1689 2972 sacris

460 3005 720 3074 auctoritatibus
753 3001 920 3091 imperiali
954 3015 988 3072 et
1019 3005 1124 3092 regali
1155 3005 1307 3074 notarius
1336 3007 1492 3093 publicus
1522 3008 1688 3076 dictorum

459 3129 693 3197 processorum
731 3107 871 3176 dictioni
904 3107 1032 3175 lecture
1062 3109 1249 3194 ceterisque
1285 3109 1441 3178 omnibus
1477 3119 1510 3178 et
1546 3107 1689 3196 singulis

460 3209 643 3280 ....sic
680 3211 761 3277 dum
799 3219 837 3277 ut
867 3209 1047 3296 premittur
1076 3209 1264 3277 dicerenter
1294 3222 1474 3297 agerentur
1504 3221 1538 3279 et
1568 3213 1687 3281 fierent

458 3334 605 3384 rnacum
628 3312 874 3400 prenominatis
896 3312 1041 3380 testibus
1065 3333 1204 3400 presens
1229 3314 1364 3382 interlui
1389 3324 1491 3402 atque
1514 3315 1631 3384 omnia
1653 3327 1687 3384 et

461 3417 594 3504 elngula
609 3416 658 3484 sic
673 3415 746 3501 fien‘
761 3415 814 3482 uel
829 3415 984 3482 iacienda
999 3423 1033 3481 et
1049 3414 1164 3482 audiui
1180 3427 1214 3484 et
1229 3417 1264 3483 in
1289 3465 1431 3484 .....

627 3589 851 3656 Testimonium
868 3590 986 3658 notant
1000 3591 1121 3675 prtblicr'
1140 3593 1202 3676 legi
1218 3613 1281 3658 non
1295 3599 1393 3678 potest

928 3879 1095 3945 LXVIII.

427 4020 617 4091 MNIBUS
645 4018 734 4088 banc
764 4020 904 4088 cartam
934 4019 1056 4090 visuris
1084 4022 1138 4088 vel
1168 4021 1333 4090 audituris
1361 4023 1525 4107 Magister
1549 4023 1687 4092 thomar
1708 4044 1751 4098 ror
1767 4041 1817 4097 ro¹

352 4177 354 4179 -
475 4123 648 4194 ehawmer
672 4123 820 4192 Curatus
845 4132 879 4188 et
905 4123 1071 4209 capellanj
1099 4125 1192 4192 chori
1221 4123 1363 4192 ecclesie
1385 4125 1590 4210 parochialis
1614 4125 1684 4212 diui

327 4228 463 4315 nicolaij
486 4231 530 4298 de
552 4227 691 4299 abirden
714 4229 879 4296 Etemam
895 4227 1083 4298 indumine
1106 4231 1251 4298 salutem
1268 4229 1441 4298 Noueritis
1462 4251 1525 4301 nos
1539 4230 1686 4300 utilitate

327 4342 446 4402 nostra
459 4344 494 4404 et
509 4343 700 4404 nostrmum
723 4353 957 4402 successorum
972 4333 1008 4400 in
1023 4333 1088 4402 hac
1103 4345 1198 4420 parte
1218 4334 1396 4420 diligenter
1417 4334 1630 4405 considerata
1651 4345 1685 4405 et

323 4441 373 4513 sd
394 4439 533 4525 plenum
555 4439 729 4508 intellecta
752 4439 885 4512 dedisse
911 4439 1120 4509 concessisse
1142 4451 1176 4512 et
1200 4442 1244 4508 ad
1265 4441 1489 4511 leudilirmsrn
1516 4440 1686 4511 dimisisse

323 4543 425 4620 buta
444 4555 562 4621 tencre
583 4545 751 4630 mereatis
769 4555 1002 4618 arteriasue
1025 4546 1105 4618 dare
1128 4547 1315 4620 macae
1338 4556 1372 4618 et
1392 4548 1438 4623 ud
1457 4546 1683 4618 brrdffirmam
