4460 5984
641 679 710 728 ⁴212
893 663 1015 729 Tanau
1035 663 1168 729 recma&
1188 663 1383 748 mororum
1403 662 1523 729 eccleis
1545 663 1768 748 bausactorusn

647 833 758 904 bimus
776 845 810 902 et
830 836 1083 922 Imperpetuum
1106 835 1324 904 defendemus
1343 837 1500 904 omnibus
1518 837 1594 904 dolo
1614 846 1647 904 et
1663 835 1781 904 fraude
1800 835 1942 904 seclusis
1963 839 2004 903 In

647 939 743 1008 cuius
765 938 813 1006 rei
835 939 1067 1008 testimonium
1092 941 1170 1008 huic
1193 940 1340 1027 presenti
1363 943 1479 1008 charte
1503 950 1617 1009 nostre
1641 941 1766 1008 nostris
1791 941 2004 1009 manualibus

647 1045 949 1134 subscriptionibus
967 1047 1154 1135 subscripta
1173 1049 1321 1134 sigillum
1340 1059 1492 1116 nostrum
1512 1071 1692 1118 commune
1707 1071 1840 1116 necnon
1856 1049 2003 1135 sigillum

646 1152 855 1221 honorabilis
875 1153 937 1220 viri
959 1157 1084 1221 andree
1106 1175 1241 1220 menzes
1259 1155 1358 1222 unius
1381 1155 1581 1223 balliuorum
1603 1155 1684 1222 dicti
1707 1154 1804 1240 burgi
1827 1177 1867 1222 ac
1890 1154 2004 1220 huius-

648 1259 739 1326 modi
765 1258 877 1328 sasine
903 1259 1030 1328 datoris
1054 1269 1133 1328 sunt
1160 1281 1311 1346 appensa
1335 1261 1425 1346 apud
1449 1261 1614 1327 aberdene
1640 1259 1772 1327 decimo
1798 1259 1852 1326 die
1878 1258 2005 1325 mensis

648 1365 728 1450 maij
760 1385 850 1434 anno
879 1363 1005 1451 dominj
1038 1365 1219 1432 millesimo
1248 1364 1518 1452 quingentesimo
1555 1365 1729 1450 trigesimo
1760 1385 1850 1431 nono
1880 1367 2003 1432 Coram

646 1469 791 1536 testibus
813 1469 962 1557 prouidis
983 1470 1064 1537 viris
1085 1471 1214 1538 valtero
1237 1471 1392 1538 craufurd
1417 1472 1541 1537 Iacobo
1564 1469 1726 1537 collisone
1744 1463 1863 1537 thoma
1881 1471 2006 1536 huntar

646 1575 766 1644 thorna
781 1576 866 1644 blair
881 1576 1062 1644 alexandro
1077 1578 1143 1663 kay
1159 1577 1345 1662 sergiandis
1360 1597 1437 1643 curn
1454 1575 1596 1643 diuersis
1609 1573 1687 1642 'aliis
1702 1575 1848 1642 testibus
1863 1575 2005 1660 gilberto

648 1681 813 1748 malleone
834 1691 868 1748 et
892 1681 1053 1767 magistro
1077 1681 1198 1748 dauide
1221 1681 1420 1748 nicholsoun
1444 1681 1615 1765 communj
1639 1679 1748 1746 scriba
1768 1679 1888 1765 prefati
1910 1675 2005 1762 burgi

648 1787 810 1872 magister
831 1785 968 1854 thomas
990 1787 1140 1853 chalmer
1162 1795 1301 1853 curatus
1323 1787 1364 1852 de
1387 1785 1546 1852 abirdene
1569 1806 1673 1851 manu
1694 1785 1829 1870 propria
1849 1782 2006 1850 dominus

649 1891 797 1958 Ioannes
826 1892 938 1959 Waus
967 1911 1071 1958 manu
1108 1889 1243 1976 propria
1276 1890 1433 1957 dominus
1465 1889 1567 1958 dauid
1597 1891 1708 1958 Waus
1738 1909 1841 1956 manu
1871 1885 2006 1973 propria
2043 1931 2046 1942 ·

648 1995 805 2064 dominus
836 1997 982 2064 Ioannes
1011 1997 1061 2083 lyl
1083 2017 1187 2064 manu
1217 1996 1352 2082 propria
1381 1993 1538 2062 dominus
1570 1997 1714 2062 lacobus
1740 1994 1877 2079 barclay
1902 2013 2006 2058 manu

648 2099 783 2187 propn‘a
806 2100 963 2168 dominus
987 2101 1168 2168 alexander
1190 2101 1284 2166 leslie
1306 2121 1410 2168 manu
1433 2100 1566 2186 propria
1590 2100 1752 2185 magister
1776 2101 1923 2164 Ioannes
1940 2097 2008 2182 hay

649 2225 754 2272 manu
770 2205 920 2290 ipropria
949 2205 1106 2272 dominus
1137 2205 1317 2272 alexander
1345 2206 1520 2272 robertson
1551 2225 1654 2271 manu
1685 2203 1820 2289 propria
1850 2201 2007 2268 dominus

650 2313 796 2378 Ioannes
820 2329 968 2397 cumyng
991 2333 1095 2378 manu
1118 2311 1252 2396 propria
1276 2310 1434 2378 dominus
1459 2313 1604 2377 andreas
1625 2331 1720 2376 waus
1743 2329 1847 2374 manu
1873 2305 2007 2392 propria

649 2416 807 2484 dominus
836 2417 1016 2484 alexander
1045 2419 1212 2484 anderson
1243 2437 1346 2484 manu
1376 2416 1510 2502 propria
1539 2415 1697 2482 dominus
1727 2417 1880 2482 robertus
1906 2412 2008 2498 spark

649 2541 753 2588 manu
785 2521 920 2608 propria
956 2522 1118 2609 magister
1149 2523 1251 2592 dauid
1288 2522 1488 2590 nicholsoun
1521 2521 1675 2590 notarius
1711 2519 1866 2606 publicus
1903 2539 2008 2584 manu

648 2645 783 2712 propna

781 2801 856 2868 Hec
880 2809 931 2884 egl
955 2822 1034 2868 vera
1055 2799 1153 2886 copia
1176 2799 1372 2886 principalis
1394 2809 1486 2868 carte
1501 2798 1726 2866 collacionata
1740 2820 1800 2884 per
1815 2819 1870 2866 me
1885 2795 2008 2882 magis-

781 2915 869 2974 tram
887 2907 1074 2974 Iohannem
1090 2907 1291 2974 nicholsoun
1306 2905 1477 2974 notarium
1493 2905 1665 2991 publicum
1678 2903 1762 2972 nihil
1778 2905 1934 2972 addendo
1949 2911 2008 2970 aut

781 3008 999 3078 diminuendo
1022 3012 1111 3096 quod
1132 3009 1214 3077 facti
1238 3009 1463 3076 substantiam
1488 3017 1620 3076 mutare
1647 3030 1708 3076 seu
1733 3007 1864 3074 variare
1886 3005 2009 3092 poterit

782 3117 842 3182 sed
857 3117 1066 3184 concordans
1082 3135 1159 3184 cum
1181 3137 1242 3182 suo
1262 3113 1442 3200 pn'noipali
1460 3111 1614 3200 originali
1635 3115 1676 3180 de
1693 3115 1796 3180 verbo
1816 3111 1851 3178 in
1869 3113 2009 3178 verbum

783 3227 871 3286 teste
886 3213 954 3288 hac'
967 3242 1043 3288 mea
1058 3219 1304 3306 subscriptione
1319 3217 1470 3303 manualj

872 3325 926 3392 Ita
941 3336 992 3394 est
1010 3326 1181 3394 Iohannes
1201 3324 1402 3394 nicholsoun
1417 3321 1575 3392 notarius.
1585 3323 1741 3409 publicus
1756 3343 1860 3390 manu
1877 3321 2011 3408 propria

1275 3534 1396 3602 cvn.¹
1476 3489 1478 3500 ⁴

730 3673 917 3740 ROUIDA
932 3681 965 3738 et
980 3673 1110 3738 famosa
1126 3669 1246 3738 mulier
1260 3669 1400 3737 cristina
1417 3671 1546 3738 cadiow
1560 3667 1678 3734 relicta
1693 3669 1862 3753 quondam
1878 3667 2011 3733 Andree

772 3777 959 3842 allansoun-
973 3773 1133 3860 prepositi
1156 3776 1198 3840 de
1220 3773 1379 3840 abirdene
1402 3771 1594 3859 sumptibus
1617 3769 1760 3856 propriis
1782 3769 1954 3838 decorauit
1977 3779 2011 3835 et

654 3879 788 3948 ornauit
818 3881 924 3948 altare
953 3881 1051 3948 beate
1080 3879 1185 3947 marie
1215 3879 1414 3964 magdalene
1444 3879 1531 3946 infra
1566 3876 1745 3944 ecclesiam
1783 3875 2011 3962 parochialem

655 3985 773 4054 Sancti
796 3985 955 4070 nicholaij
981 3987 1023 4052 de
1049 3985 1209 4052 abirdene
1233 3985 1397 4052 situatum
1424 4005 1502 4052 cum
1525 4003 1591 4050 vno
1618 3981 1787 4068 completo
1809 3980 2011 4048 vestimento

655 4090 764 4158 cerico
775 4089 931 4158 videlicet
947 4091 978 4158 le
993 4091 1079 4159 blew
1087 4091 1248 4158 wellortis
1263 4099 1296 4158 et
1313 4092 1494 4158 Sacerdote
1506 4089 1648 4156 diacono
1663 4097 1696 4155 et
1712 4087 1918 4154 subdiacono
1933 4107 2011 4152 cum

655 4215 764 4279 cappa
779 4192 930 4260 eiusdem
943 4191 1064 4260 coloris
1079 4192 1198 4278 cerecij
1212 4195 1374 4260 deaurata
1386 4194 1432 4259 Et
1448 4194 1489 4260 de
1500 4213 1566 4258 vno
1582 4191 1687 4258 calice
1705 4190 1836 4276 argenti
1851 4193 2013 4257 deaurato

656 4297 813 4382 ponderis
827 4297 965 4383 triginta
987 4298 1090 4365 trium
1105 4298 1279 4366 unciarum
1303 4301 1346 4365 ad
1369 4298 1496 4366 dictum
1520 4299 1626 4364 altare
1644 4297 1849 4364 remanendo
1865 4284 2013 4362 infirma

656 4400 810 4468 custodia
836 4401 1000 4488 capellanj
1028 4401 1110 4468 dicti
1137 4401 1253 4469 altaris
1278 4403 1355 4468 Non
1381 4404 1539 4469 obstante
1561 4401 1688 4467 dictum
1715 4399 1955 4466 vestimentum
1978 4399 2013 4464 in

656 4503 759 4574 choro
786 4504 999 4572 abirdonensi
1026 4505 1192 4572 deseruiet
1223 4505 1405 4572 maioribus
1430 4504 1620 4592 duplicibus
1645 4503 1740 4570 lestis
1767 4504 1873 4572 Cuius
1902 4503 2014 4572 anime

657 4607 862 4693 propicietur
875 4611 959 4676 deus
973 4610 1083 4675 Arnen
