4460 5984
630 678 692 746 144
1104 659 1205 728 Carra
1225 657 1378 726 [meren
1400 659 1522 726 Am

759 835 806 902 Et
822 835 898 920 Ego
921 831 1023 902 dauid
1038 829 1236 900 nicholsone
1257 830 1579 918 Arriumprolessor
1600 829 1777 918 scribaque
1792 831 1894 901 Curis
1916 833 1986 902 hal·

758 937 903 1006 liuorum
927 933 1161 1006 abirdonensis
1187 942 1221 1002 et
1248 931 1398 1004 eiusdem
1414 933 1587 1004 dioceseos
1612 955 1744 1004 necnon
1767 956 1864 1004 sacra
1890 957 1987 1022 apos·

684 1087 710 1132 Ο
757 1039 861 1110 tolica
884 1038 1086 1108 auctoritate
1115 1037 1269 1108 notarius
1290 1039 1446 1126 publicus
1475 1039 1555 1124 quia
1576 1039 1741 1125 premisso
1762 1039 1987 1126 possessionis

685 1131 710 1185 ‘³²
758 1145 891 1216 dacioni
914 1144 1100 1229 ceterisque
1115 1143 1273 1212 omnibus
1294 1143 1371 1214 aliis
1393 1153 1427 1212 et
1443 1143 1585 1231 singulis
1604 1146 1686 1216 dum
1709 1144 1758 1214 sic
1780 1145 1988 1232 premittitur

678 1169 703 1340 ’ἓ
758 1253 949 1320 dicerentur
961 1260 994 1318 et
1010 1251 1128 1318 fierent
1137 1271 1205 1318 vna
1220 1271 1298 1318 cum
1313 1250 1501 1336 prenotatis
1515 1249 1660 1320 testibus
1674 1271 1815 1338 presens
1828 1271 1987 1338 persona·

678 1339 711 1499 ξ-
759 1359 835 1426 uter
860 1357 995 1426 marni
1016 1377 1121 1441 eaque
1147 1355 1263 1425 omnia
1279 1366 1314 1424 et
1340 1355 1474 1442 sing-uta
1499 1355 1548 1424 sc
1571 1357 1643 1424 fisi
1664 1357 1732 1444 vuj
1756 1367 1790 1426 et
1812 1357 1927 1444 ausin·
1951 1368 1986 1426 a

759 1466 877 1532 eadem
900 1461 936 1529 in
958 1471 1076 1530 notam
1092 1460 1165 1548 cepi
1182 1461 1329 1546 Ideoque
1344 1460 1409 1530 hoc
1424 1481 1564 1547 presens
1583 1461 1755 1548 publicum
1777 1463 1986 1534 Instrumen-

686 1523 712 1658 ξ,
759 1578 833 1637 turn
859 1567 970 1636 aliena
996 1587 1100 1636 manu
1122 1566 1267 1634 fideliter
1292 1565 1456 1654 scriptum
1479 1589 1534 1636 rne
1555 1566 1633 1636 aliis
1654 1575 1820 1654 occupato
1842 1567 1988 1654 negotiis

686 1659 704 1722 3
759 1673 856 1760 signo
876 1683 910 1742 et
930 1671 1067 1740 nomine
1088 1672 1173 1740 meis
1188 1671 1298 1740 solitis
1317 1681 1351 1741 et
1369 1673 1541 1742 consuetis
1556 1673 1727 1760 signatum
1742 1681 1778 1742 st
1791 1675 1987 1744 roboratum

758 1777 878 1846 exinde
904 1775 1032 1862 conlecj
1060 1784 1199 1861 rogatus
1227 1783 1262 1844 et
1291 1775 1474 1862 requisitus
1496 1775 1532 1844 in
1558 1777 1659 1846 Iidem
1689 1787 1724 1847 et
1752 1777 1985 1852 testimonium

633 1949 638 1956 .
758 1881 911 1952 omnium
934 1890 968 1950 et
990 1880 1200 1968 singulorum
1222 1879 1462 1966 premissorum

1207 2167 1409 2234 LXXVIII.

721 2295 910 2366 MNIBUS
941 2291 1030 2360 hanc
1060 2299 1191 2360 cartam
1219 2289 1343 2358 visuris
1371 2290 1424 2360 vel
1465 2291 1631 2360 audituris
1664 2291 1989 2364 10hanneonrtour

763 2397 940 2488 burgensis
957 2399 999 2466 de
1016 2398 1192 2466 Abcrdene
1212 2397 1357 2466 salutem
1378 2397 1412 2466 in
1433 2397 1570 2466 domino
1591 2398 1842 2485 Sempltemarn
1860 2421 1988 2486 premo-

629 2512 737 2582 ditato
758 2507 847 2595 quod
866 2525 986 2574 omnes
1008 2501 1175 2572 stabimus
1195 2511 1275 2572 ante
1296 2503 1445 2572 tribunal
1468 2503 1596 2572 domini
1615 2503 1723 2574 nostri
1745 2505 1849 2576 Ihesu
1870 2505 1989 2579 christi

628 2626 727 2706 prout
753 2614 789 2682 in
815 2633 953 2700 corpore
981 2607 1151 2696 gessimus
1177 2607 1250 2678 siue
1278 2611 1404 2678 bonurn
1434 2609 1508 2678 siue
1537 2610 1665 2680 malum
1694 2609 1793 2680 luerit
1822 2611 1989 2699 recepturi

628 2719 880 2812 propterquod
909 2717 1035 2786 bonurn
1061 2723 1114 2782 est
1143 2713 1232 2783 diem
1259 2713 1401 2782 extremi
1432 2714 1552 2801 Iudicij
1579 2714 1737 2802 operibus
1762 2713 1990 2793 misericordie

630 2827 805 2916 preucnire
825 2825 874 2892 sic
894 2845 960 2909 que
980 2819 1149 2890 seminata
1172 2819 1207 2888 in
1227 2820 1327 2890 terris
1347 2821 1526 2908 multiplici
1545 2821 1657 2890 fructu
1674 2821 1709 2888 in
1726 2821 1811 2892 celis
1829 2821 1987 2910 colligere

629 2932 804 3002 valeamus
836 2925 1104 2998 NOUERITIS
1139 2925 1248 3012 Igitur
1277 2947 1333 2996 me
1361 2927 1396 2999 in
1426 2935 1647 3014 augmentum
1675 2925 1783 2996 diuini
1813 2927 1926 2998 cultus
1952 2936 1988 2996 et

631 3035 762 3106 Intuitu
791 3031 944 3102 caritatis
973 3054 1034 3118 pro
1064 3031 1174 3100 salute
1203 3030 1317 3102 anime
1347 3054 1421 3102 mee
1450 3041 1628 3119 parantum
1662 3053 1814 3104 meorum
1846 3033 1989 3106 iratmm

629 3161 782 3210 sororum
806 3157 946 3206 vxorurn
970 3145 1004 3204 et
1028 3157 1144 3204 eorum
1169 3135 1320 3204 omnium
1345 3157 1366 3208 a
1388 3135 1509 3223 quibus
1523 3137 1637 3223 aliqua
1652 3137 1741 3208 bona
1764 3135 1878 3210 minus
1901 3135 1990 3208 iuste

628 3244 733 3314 habui
750 3241 968 3328 omniumque
985 3239 1136 3310 fidelium
1154 3241 1388 3312 defunctorum
1403 3241 1438 3310 in
1453 3240 1551 3329 penis
1565 3241 1751 3329 purgatorii
1769 3241 1987 3314 existentium

631 3355 673 3420 In
695 3351 823 3420 honore
844 3357 879 3416 ct
901 3347 1117 3416 veneratione
1139 3347 1194 3415 dei
1216 3345 1459 3433 omnipotentis
1479 3347 1553 3418 eius
1576 3349 1784 3417 Intcmcratc
1807 3346 1989 3434 genetricis

630 3454 736 3526 marie
759 3475 800 3522 ac
823 3451 1060 3522 Amantissimi
1080 3461 1114 3520 et
1134 3449 1346 3522 dilectissimi
1370 3449 1528 3522 Nominis
1551 3450 1654 3522 Ihesu
1676 3451 1858 3523 eductoris
1883 3451 1989 3522 nostri

631 3559 696 3634 Cui
718 3579 819 3628 omne
841 3569 931 3644 genu
952 3556 1111 3626 flectatur
1132 3565 1167 3625 et
1184 3555 1337 3624 omnium
1358 3575 1581 3644 supernorum
1602 3553 1739 3626 ciuium
1759 3555 1893 3626 dedisse
1911 3577 1989 3626 con·

630 3665 774 3736 cessisse
789 3675 823 3734 et
838 3663 874 3732 in
890 3683 1010 3750 puram
1024 3672 1059 3730 et
1075 3671 1272 3749 perpetuam
1285 3661 1519 3732 Elemosinam
1534 3659 1728 3747 assignasse
1745 3659 1904 3732 Discreto
1916 3661 1989 3732 vim

630 3770 767 3840 domino
797 3766 943 3840 Iohanni
972 3787 1057 3836 vaus
1088 3767 1274 3855 Capeliano
1299 3776 1333 3836 et
1353 3765 1430 3836 ouis
1462 3766 1722 3838 Successoribus
1750 3767 1991 3854 perpetualiter

630 3871 849 3946 celebraturis
881 3873 926 3942 ad
958 3869 1066 3940 altare
1101 3870 1188 3940 infra
1226 3869 1419 3942 Ecclesiam
1452 3870 1681 3958 parochialem
1714 3870 1785 3942 diui
1819 3870 1989 3960 Nicholaij

630 3979 903 4048 Aberdonensem
920 3997 979 4062 per
994 3995 1049 4042 me
1069 3975 1213 4044 Nouiter
1233 3985 1382 4044 erectum
1402 3985 1436 4045 et
1457 3977 1700 4046 constructum
1720 3976 1755 4046 in
1774 3977 1991 4046 veneratione

631 4093 665 4152 et
685 4083 813 4150 honore
828 4079 910 4150 dicti
927 4079 1214 4148 Reuerendissimi
1233 4079 1381 4150 nominis
1397 4081 1501 4150 Ihcsu
1515 4080 1640 4150 Totam
1656 4089 1690 4152 et
1705 4080 1872 4167 integram
1890 4081 1989 4152 Illam

631 4197 756 4256 terrain
794 4207 907 4254 meam
945 4184 1146 4256 anteriorem
1176 4207 1217 4253 ex
1246 4207 1322 4256 mco
1352 4185 1487 4272 proprio
1516 4194 1704 4272 conquestu
1742 4187 1990 4273 Recuperatam

633 4295 806 4362 Iacentem
830 4289 917 4358 inlra
940 4289 1069 4358 dictum
1092 4291 1235 4375 burgum
1258 4289 1293 4358 in
1315 4289 1390 4358 vico
1413 4289 1583 4376 superiore
1609 4289 1764 4360 Ecclesie
1785 4309 1827 4360 cx
1849 4289 1991 4360 australi

632 4405 729 4484 parte
757 4395 909 4464 eiusdem
938 4394 1027 4462 inter
1056 4403 1182 4464 terram
1214 4395 1413 4464 Interiorem
1442 4393 1571 4465 domini
1600 4395 1765 4464 Iohannis
1790 4394 1990 4466 Ruthiriurrl

633 4499 751 4568 militis
769 4522 811 4568 ex
827 4499 970 4568 australi
988 4521 1030 4568 ex
1046 4521 1114 4568 vna
1131 4509 1255 4567 terram
1275 4499 1444 4586 quondam
1466 4498 1605 4568 Roberti
1627 4498 1714 4568 Club
1732 4521 1773 4567 ex
1790 4497 1991 4570 occidentali

633 4616 667 4674 et
696 4625 894 4674 communes
915 4603 990 4672 vias
1019 4603 1129 4691 regias
1148 4625 1266 4672 versus
1290 4605 1425 4672 boream
1449 4612 1482 4670 et
1502 4601 1614 4671 oriens
1633 4601 1906 4672 TENENDAM
1926 4601 1991 4670 ET
