4472 5992
725 699 821 770 Carta
847 702 1001 770 Willclmi
1021 703 1137 772 Futheo
1568 725 1611 792 47

249 887 283 946 et
299 877 481 946 leuandum
505 877 547 944 de
569 885 642 943 toto
657 885 690 944 et
706 875 837 962 integra
855 885 945 946 terra
959 877 1125 946 Willelmi
1142 877 1349 946 Nicholsone
1367 879 1509 967 Jacente
1525 879 1611 949 infra

248 983 377 1052 dictum
393 985 536 1068 burgum
552 982 587 1048 iu
601 981 677 1050 vico
692 983 794 1068 castrj
811 1003 852 1048 ex
868 983 993 1069 borealj
1011 993 1106 1069 parte
1129 983 1279 1052 eiusdem
1294 985 1359 1070 vicj
1380 985 1468 1072 inter
1485 993 1610 1052 terram

249 1089 415 1158 Willelmi
439 1089 550 1175 bynne
574 1109 615 1155 ex
637 1087 791 1173 orientalj
815 1111 856 1154 ex
877 1109 944 1155 vna
966 1099 999 1156 et
1026 1099 1150 1156 terram
1172 1091 1342 1174 quondam
1366 1089 1511 1175 Ranaldj
1536 1090 1611 1156 tail-

248 1215 327 1260 zeor
341 1215 382 1260 ex
397 1193 597 1261 occidentali
618 1193 772 1279 partibus
792 1194 835 1260 ab
855 1193 962 1260 altera
982 1203 1015 1260 et
1037 1215 1235 1260 communes
1254 1193 1327 1260 vias
1349 1193 1475 1278 Regias
1493 1215 1612 1260 versus
1711 1181 1712 1186 ἵ

250 1307 403 1366 austrum
430 1307 464 1365 et
489 1300 624 1366 boream
656 1299 703 1364 Et
728 1317 833 1364 vnum
864 1317 1015 1365 annuum
1047 1297 1231 1364 Redditum
1258 1307 1403 1383 quatuor
1428 1297 1611 1366 solidorum

249 1403 378 1472 vsualis
407 1412 542 1472 monete
572 1403 677 1471 scotie
711 1403 887 1470 annuatim
921 1411 1100 1470 exeuntem
1127 1413 1161 1470 et
1191 1405 1373 1472 leuandum
1404 1407 1445 1472 de
1474 1413 1549 1473 tota
1578 1417 1611 1472 et

252 1511 391 1594 Integra
405 1519 494 1578 terra
511 1509 675 1576 interiore
689 1507 856 1577 Willelmi
874 1507 986 1576 litster
1001 1509 1204 1596 alias'spens
1221 1511 1359 1577 Iacente
1375 1511 1468 1579 Infra
1483 1511 1611 1578 dictum

251 1615 394 1699 burgum
417 1613 452 1680 in
474 1613 549 1680 vico
570 1613 745 1698 superiore·
762 1613 904 1680 ecclesie
926 1635 967 1679 ex
990 1614 1115 1699 borealj
1140 1623 1236 1699 parte
1258 1613 1409 1681 eiusdem
1432 1613 1497 1700 vicj
1524 1615 1613 1682 inter

249 1727 375 1788 terram
409 1717 552 1805 Agnetis
588 1717 765 1805 stirueling
793 1741 834 1786 ex
865 1717 1019 1804 orientalj
1051 1728 1084 1786 et
1121 1727 1246 1786 terram
1277 1722 1447 1803 quondam
1480 1722 1613 1787 Andree

251 1823 389 1892 scherar
413 1845 455 1890 ex
478 1823 678 1910 occidentalj
706 1833 739 1890 et
769 1833 895 1890 terram
922 1833 1112 1908 margarete
1138 1824 1293 1892 buchane
1315 1845 1432 1891 versus
1459 1835 1612 1893 austrum

250 1929 432 1998 Tenendcs
447 1937 480 1996 et
496 1929 669 1996 habendos
691 1949 810 1996 omnes
825 1937 858 1995 et
874 1927 1027 2013 singulos
1049 1927 1158 1995 dictos
1181 1949 1312 1996 annuos
1334 1927 1501 1996 Redditus
1519 1949 1614 1996 meos

251 2056 330 2103 cum
346 2035 417 2104 suis
431 2034 648 2122 pertinenciis
663 2033 802 2120 prelatis
815 2033 941 2100 vicario
957 2043 991 2100 et
1007 2033 1202 2120 Capellanis
1217 2055 1257 2102 ac
1273 2033 1345 2100 suis
1363 2033 1614 2102 successoribus

252 2139 437 2227 capellanis
460 2139 541 2208 dicti
564 2139 656 2226 chorj
681 2160 702 2207 a
725 2161 780 2207 me
803 2147 836 2206 et
859 2137 1038 2207 heredibus
1061 2138 1146 2206 meis
1165 2138 1200 2204 in
1221 2161 1340 2226 puram
1361 2147 1395 2206 et
1415 2149 1612 2226 perpetuam

253 2245 479 2314 Elimosinam
506 2246 759 2332 Imperpetuum
786 2245 874 2312 Cum
901 2243 993 2310 omni
1022 2245 1099 2310 Iure
1125 2252 1159 2311 et
1192 2242 1280 2310 Iuris
1306 2243 1436 2312 clameo
1458 2245 1508 2311 Ac
1534 2265 1612 2311 cum

252 2351 410 2419 omnibus
424 2359 458 2418 et
474 2349 616 2436 singulis
631 2349 844 2417 libertatibus
862 2348 1161 2416 commoditatibus
1181 2357 1215 2416 et
1236 2347 1435 2416 asiamentis
1451 2369 1491 2416 ac
1509 2349 1614 2416 Iustis

252 2454 324 2522 suis
343 2453 561 2542 pertinenciis
582 2453 838 2540 quibuscunque
853 2454 896 2520 ad
912 2451 1081 2539 predictos
1103 2473 1235 2520 annuos
1258 2453 1426 2522 Redditus
1447 2475 1525 2521 eum
1542 2475 1613 2540 per·

252 2557 411 2627 tinenciis
440 2558 673 2646 spectantibus
699 2579 759 2625 seu
784 2557 874 2624 iuste
904 2567 1057 2644 spectare
1082 2557 1275 2626 valentibus
1301 2557 1552 2644 quomodolibet
1578 2558 1613 2625 in

251 2663 475 2732 futurumne
501 2661 683 2750 capiendos
708 2661 885 2730 annuatim
912 2671 946 2728 et
972 2661 1135 2730 leuandos
1157 2661 1267 2729 dictos
1288 2683 1420 2730 annuos
1447 2663 1614 2731 Redditus

253 2779 345 2836 cum·
362 2767 579 2856 pertinenciis
608 2771 650 2837 de
679 2767 839 2855 predictis
867 2767 967 2835 terris
992 2769 1035 2836 ad
1061 2770 1147 2835 duos
1176 2768 1256 2835 anni
1286 2768 1449 2836 terminos
1477 2769 1614 2837 usuales

254 2884 467 2964 pentecostes
481 2875 637 2945 videlicet
652 2883 686 2942 et
702 2874 812 2942 sancti
828 2873 964 2960 martinj
982 2873 1016 2940 in
1034 2896 1132 2960 yeme
1147 2895 1207 2960 per
1221 2873 1358 2960 equales
1374 2873 1549 2960 polciones
1564 2877 1613 2942 Ac

254 3003 332 3049 cum
355 2981 459 3049 libera
481 2989 650 3068 potestate
665 2989 699 3047 et
713 2980 877 3048 facultate
899 2979 1069 3065 predictas
1090 2987 1198 3046 terras
1214 2999 1291 3046 cum
1308 2978 1378 3046 suis
1398 2978 1615 3064 pertinenciis

254 3097 287 3154 et
316 3087 590 3154 Inhabitantibus
620 3087 801 3154 earundem
828 3107 869 3154 ac
895 3088 984 3153 bona
1010 3105 1072 3152 sua
1101 3105 1240 3152 namare
1267 3093 1300 3151 et
1326 3083 1525 3168 distringere
1554 3105 1614 3170 pro

254 3191 355 3260 dictis
382 3191 505 3260 annuis
529 3191 731 3260 Redditibus
755 3191 881 3259 totiens
907 3189 1064 3276 quotiens
1086 3213 1171 3276 opus
1193 3189 1292 3258 fuerit
1320 3189 1392 3256 sine
1415 3211 1614 3276 quocunque

256 3297 344 3364 Iuris
367 3295 522 3363 ministro
537 3297 631 3364 Adeo
653 3295 756 3364 libere
779 3293 928 3382 plenarie
951 3297 1087 3381 Integre
1110 3293 1292 3362 honorifice
1315 3295 1399 3362 bene
1422 3303 1455 3360 et
1476 3294 1511 3360 in
1530 3316 1614 3381 pace

254 3401 288 3468 in
313 3401 470 3469 omnibus
491 3411 525 3468 et
548 3423 608 3488 ρετ
632 3399 747 3468 omnia
771 3399 858 3467 sicut
882 3399 1005 3485 aliquis
1027 3419 1160 3466 annuus
1184 3397 1351 3466 Redditus
1374 3397 1461 3465 inira
1484 3397 1613 3466 dictum

254 3507 397 3592 burgum
414 3505 448 3572 iu
463 3527 583 3592 puram
599 3514 632 3572 et
648 3514 845 3592 perpetuam
866 3503 1091 3571 Elimosinam
1114 3505 1365 3590 Imperpetuum
1382 3503 1482 3571 datur
1497 3523 1614 3571 conce·

254 3611 346 3680 ditur
360 3621 419 3680 sut
433 3611 625 3698 possidetur
639 3611 712 3678 sine
728 3609 965 3679 Reuocaeione
982 3609 1242 3677 Reclamacione
1265 3617 1324 3676 aut
1347 3607 1614 3676 contradictione

254 3717 392 3804 aliqualj
409 3715 474 3802 mej
491 3717 652 3785 heredum
676 3737 828 3784 meorum
851 3727 910 3784 aut
933 3715 1076 3784 aliorum
1100 3735 1375 3802 quorumcunque
1396 3712 1615 3782 Celebrantcs

256 3823 340 3890 Inde
374 3821 486 3906 dictus
513 3821 661 3890 vicarius
694 3831 728 3890 et
758 3821 924 3908 capellani
957 3841 996 3889 ac
1027 3821 1078 3908 suj
1111 3841 1324 3888 successores
1353 3818 1502 3905 qualibet
1531 3819 1614 3886 feria

255 3929 404 3995 secunda
425 3927 635 4014 temporibus
649 3929 772 3996 futuris
793 3949 896 3995 vnam
921 3927 1061 3994 missam
1085 3929 1126 3994 de
1140 3925 1336 3994 vulneribus
1359 3923 1486 3992 domini
1507 3923 1613 4010 nostq'

255 4031 359 4100 lhesu
385 4031 513 4100 Christi
537 4035 579 4099 ad
604 4033 710 4100 altare
736 4031 846 4118 sanctj
873 4031 958 4119 petrj
984 4029 1138 4117 Apostoli
1164 4029 1256 4097 Infra
1282 4027 1408 4096 dictam
1435 4027 1614 4110 ecclesiam

254 4138 419 4210 situatum
446 4159 507 4226 pro
532 4135 642 4206 salute
672 4137 861 4206 animarum
889 4147 1143 4224 prenotatamm
1173 4157 1234 4221 pro
1261 4133 1353 4200 omni
1380 4131 1446 4200 alio
1472 4131 1614 4198 seruicio

254 4243 397 4332 seculari
425 4245 600 4312 exactione
630 4265 690 4312 seu
720 4245 888 4312 demanda
917 4265 982 4328 que
1003 4243 1048 4309 ‘de
1074 4240 1235 4328 predictis
1264 4239 1387 4306 annuis
1414 4237 1615 4305 Redditibus

255 4371 333 4418 cum
352 4350 569 4437 pertinenciis
589 4349 780 4436 aliqualiter
794 4349 880 4435 exi.
898 4347 1021 4435 poterit
1037 4357 1096 4415 aut
1113 4345 1252 4432 chuirj
1269 4347 1316 4412 Et
1332 4365 1394 4430 ego
1409 4365 1488 4410 vero
1504 4343 1615 4410 dictus

254 4455 451 4525 Willelmus
473 4455 617 4524 heredes
634 4455 699 4540 mej
720 4464 754 4522 et
773 4453 936 4540 assignatj
960 4463 1051 4520 totos
1066 4461 1099 4519 et
1116 4453 1272 4536 Integros
1293 4469 1425 4517 annuos
1448 4447 1615 4515 Redditus

255 4559 439 4646 prelibatos
454 4583 532 4629 cum
549 4561 619 4629 suis
634 4559 851 4647 pertinenciis
865 4557 1005 4645 prefatis
1018 4557 1144 4626 vicario
1159 4567 1192 4624 et
1205 4553 1389 4642 capellanis
1405 4563 1438 4621 et
1455 4553 1526 4620 suis
1541 4574 1614 4622 suc·

256 4665 446 4735 cessoribus
461 4667 496 4733 in
511 4665 668 4735 omnibus
683 4675 717 4734 et
732 4687 792 4752 per
810 4663 924 4733 omnia
939 4673 976 4732 ut
992 4663 1194 4752 premissum
1210 4670 1262 4730 est
1284 4681 1344 4748 per
1366 4679 1485 4728 omues
1507 4669 1616 4728 terras
