4460 5984
585 697 650 762 214
932 674 1064 742 Rmtale
1085 674 1224 741 obituum
1246 679 1275 740 et
1295 673 1598 742 ammaim

359 863 561 918 obtundentur
672 849 795 918 Obitus
810 849 980 934 quondam
996 845 1123 914 domini
1141 846 1280 914 Roberti
1303 856 1491 932 patonsone
1514 845 1680 934 capellani
1703 845 1766 914 luit
1782 847 1817 912 in
1832 846 1942 932 prima

358 931 554 1048 ffiffiffiffl'
584 954 754 1022 dominica
780 964 856 1040 post
882 953 1006 1019 festum
1034 951 1182 1037 corporis
1209 951 1325 1018 christi
1352 954 1451 1018 Anno
1477 952 1605 1020 domini
1632 951 1813 1018 millesimo
1839 952 1943 1036 quad·

583 1059 825 1146 ringentesimo
850 1057 1022 1125 tricesimo
1049 1057 1201 1143 Septimo
1224 1057 1280 1142 quj
1308 1057 1532 1125 celebrabitur
1558 1058 1734 1124 annuatim
1762 1057 1796 1124 in
1823 1059 1941 1124 eadem

583 1164 753 1231 dominica
769 1185 847 1231 cum
864 1163 1004 1249 placebo
1019 1173 1052 1229 et
1068 1163 1174 1248 dirige
1196 1161 1231 1228 in
1255 1163 1384 1230 Sabato
1406 1163 1598 1248 precedenti
1625 1173 1659 1228 et
1682 1183 1760 1229 cunr
1780 1162 1885 1228 missa
1900 1163 1942 1228 de

582 1279 665 1338 nota
694 1279 728 1338 et
757 1269 922 1355 trigintali
955 1289 1015 1354 per
1047 1267 1260 1334 ebdomitam·
1287 1277 1484 1352 sequentem
1515 1269 1562 1334 Et
1599 1267 1816 1334 celebrabunt
1850 1266 1942 1332 aliud

582 1375 754 1462 trigintale
787 1375 829 1442 de
862 1381 951 1439 xxx¹²
979 1373 1092 1440 missis
1128 1373 1305 1440 annuatim
1336 1375 1379 1440 ad
1408 1373 1532 1440 festum
1560 1373 1677 1440 Sancti
1715 1369 1851 1456 martinj
1883 1391 1943 1455 pro

583 1479 786 1566 quoquidem
817 1475 1048 1546 anniuersario
1079 1479 1299 1546 Infeodantur
1328 1481 1369 1546 de
1394 1478 1513 1564 viginti
1541 1501 1558 1545 s
1583 1481 1625 1546 de
1650 1489 1740 1546 terra
1772 1479 1942 1563 quondam

583 1585 710 1651 domini
731 1586 847 1652 thome
868 1585 973 1670 heruy
989 1605 1092 1670 prope
1112 1585 1251 1652 domum
1273 1595 1390 1652 sancte
1409 1583 1572 1652 trinitatis
1587 1587 1628 1652 de
1645 1586 1751 1652 crolto
1770 1581 1943 1650 alexandri

583 1713 657 1758 mar
680 1693 770 1776 apud
796 1693 975 1758 crabstane
1001 1711 1023 1757 x
1045 1711 1062 1757 s
1088 1701 1121 1760 et
1144 1690 1177 1758 vi
1200 1694 1222 1758 d
1248 1701 1282 1758 et
1308 1693 1350 1758 de
1372 1693 1479 1759 croitc
1507 1691 1670 1758 Iohannis
1700 1693 1831 1760 Culane
1853 1691 1943 1776 apud

584 1796 784 1864 Crabistane
805 1798 846 1862 de
866 1795 936 1860 xliii
958 1797 979 1862 d

358 1996 402 2050 tot
417 1993 467 2050 w
672 1988 794 2056 Obitus
809 1989 979 2073 quondam
998 1986 1112 2054 Iacobi
1127 1985 1261 2054 blinsell
1273 1986 1308 2054 in
1320 1987 1373 2054 die
1390 1988 1515 2056 Sancte
1530 1987 1692 2054 trinitatis
1708 2007 1798 2056 anno
1814 1985 1942 2054 domini

359 2125 552 2179 mmmm
584 2090 764 2158 millesimo
790 2090 1121 2176 quadringentesimo
1147 2089 1426 2176 quinquagesimo
1451 2091 1513 2158 fuit
1541 2091 1647 2159 Cuius
1673 2090 1941 2158 anniuersarium

358 2193 467 2244 b¹1¹¹⁸⁸¹⁸
584 2195 751 2282 capellani
777 2196 993 2262 celebrabunt
1019 2196 1054 2262 in
1081 2195 1146 2262 hac
1170 2195 1279 2262 lorma
1304 2197 1480 2262 annuatim
1507 2196 1624 2264 xxiiiia
1651 2195 1773 2262 missas
1799 2195 1943 2262 infesto

584 2300 790 2386 penticostes
815 2311 849 2368 et
875 2310 925 2368 tot
940 2301 1075 2368 missas
1100 2301 1135 2366 in
1163 2302 1409 2386 solempnitate
1435 2301 1553 2372 Sancti
1580 2301 1716 2387 martinj
1741 2301 1776 2368 in
1801 2299 1944 2368 ecclesia

584 2406 674 2472 beati
692 2405 851 2491 nicholaij
869 2427 928 2492 pro
944 2427 1011 2492 quo
1035 2406 1256 2474 Infeodantur
1270 2407 1305 2474 in
1321 2427 1380 2474 sex
1395 2429 1412 2474 s
1427 2409 1468 2476 de
1483 2417 1572 2476 terra
1594 2407 1757 2476 Iohannis
1779 2407 1944 2474 malleone

583 2508 618 2576 in
633 2509 708 2578 vico
725 2509 885 2578 Inferiore
900 2511 1041 2578 ecclesie
1056 2521 1090 2580 et
1106 2511 1140 2578 in
1156 2512 1295 2580 decime
1310 2515 1351 2580 de
1366 2523 1456 2582 terra
1471 2515 1603 2582 Andree
1622 2531 1802 2582 muresoun
1818 2513 1853 2580 in
1868 2512 1943 2580 vico

583 2613 730 2683 interiori
745 2615 887 2700 ecclesie
902 2625 1001 2702 prout
1016 2616 1208 2703 responsuri
1224 2627 1304 2686 sunt
1320 2619 1369 2686 &c

360 2829 455 2882 Obitus
465 2827 564 2880 domini
674 2805 797 2874 Obitus
812 2809 982 2894 quondam
1001 2808 1128 2877 domini
1144 2807 1310 2878 erlelmi
1333 2809 1436 2876 leithe
1461 2810 1626 2897 capellanj
1651 2809 1794 2878 infesto
1817 2809 1943 2876 exalta·

360 2893 564 2948 Wffldfflffi
586 2909 689 2978 tionis
716 2912 841 2978 Sancte
868 2911 987 2980 Crucis
1012 2911 1112 2980 Anno
1138 2911 1264 2981 domini
1289 2913 1469 2980 millesimo
1491 2925 1606 2982 cccc¹²¹o
1627 2914 1798 2982 tricesimo
1820 2923 1943 2980 octauo

588 3013 695 3083 Cuius
716 3015 984 3082 anniuersarium
1007 3017 1173 3102 capellani
1196 3017 1405 3084 celibrabunt
1428 3020 1471 3084 ad
1494 3019 1600 3084 altare
1622 3017 1712 3084 beati
1735 3017 1886 3084 leonardi
1909 3016 1943 3082 in

587 3119 740 3206 proxima
754 3121 924 3188 dominica
939 3122 1092 3208 sequenti
1108 3143 1186 3190 cum
1202 3123 1352 3208 exequiis
1371 3125 1412 3190 de
1435 3123 1575 3210 placebo
1597 3133 1632 3190 et
1654 3123 1759 3208 dirige
1774 3122 1809 3188 in
1825 3123 1944 3190 sabato

588 3225 780 3312 precedenti
810 3227 853 3292 ad
883 3247 1060 3292 numerum
1087 3228 1132 3292 xii
1159 3228 1410 3314 capellanorum
1436 3237 1470 3294 et
1497 3249 1574 3295 cum
1605 3227 1710 3294 missa
1735 3228 1777 3294 de
1803 3237 1884 3294 nota
1910 3235 1943 3292 et

588 3327 760 3416 trigentali
775 3351 835 3416 per
849 3331 1055 3399 ebdomitam
1072 3343 1267 3418 sequentem
1292 3344 1329 3400 ut
1352 3333 1456 3400 moris
1477 3343 1529 3400 est
1552 3355 1612 3419 pro
1635 3354 1702 3418 quo
1726 3332 1946 3398 Infeodantur

588 3435 624 3503 in
647 3435 823 3503 Sexdecim
843 3457 860 3502 s
877 3439 919 3505 de
940 3448 1030 3505 terra
1052 3448 1123 3506 tam
1148 3439 1311 3506 Interiore
1331 3460 1434 3524 quam
1455 3439 1620 3506 anteriore
1640 3437 1793 3522 lindesay
1810 3435 1945 3504 hanald

590 3541 729 3610 Iacente
744 3539 779 3608 in
794 3539 868 3608 vico
883 3541 1030 3610 inferiori
1045 3543 1187 3624 ecclesie
1202 3553 1301 3630 prout
1316 3545 1541 3632 respondeant

363 3737 565 3792 Obitualohan·
676 3713 799 3782 Obitus
829 3717 998 3799 quondam
1032 3715 1195 3782 Iohannis
1226 3717 1350 3784 Stokar
1374 3767 1382 3783 .
1407 3766 1415 3783 .
1441 3766 1449 3782 .
1473 3719 1571 3782 Anno
1605 3703 1732 3782 domini
1765 3707 1945 3781 msslesimo

362 3803 508 3858 ”istm
589 3817 920 3905 quadringentesimo
944 3869 953 3887 .
978 3869 986 3886 .
1011 3870 1019 3888 .
1045 3821 1150 3890 Cuius
1173 3821 1440 3890 anniuersarium
1463 3821 1629 3908 capellanj
1652 3821 1868 3887 celebrabunt
1887 3839 1945 3886 an·

588 3923 719 3992 nuatim
744 3925 779 3990 in
806 3925 975 3993 dominica
997 3927 1150 4012 proxima
1172 3937 1248 4013 post
1271 3927 1394 3994 lestum
1422 3927 1624 3994 Sanctorum
1648 3925 1784 4011 crispin]
1810 3935 1842 3990 et
1866 3923 1945 3990 cris·

588 4029 715 4118 pinianj
739 4031 781 4096 ad
802 4029 909 4096 altare
930 4033 1111 4098 eorundem
1133 4053 1210 4099 cum
1232 4031 1336 4098 missa
1357 4034 1398 4099 de
1418 4041 1500 4098 nota
1515 4041 1548 4098 et
1564 4029 1727 4117 trigintali
1748 4037 1945 4116 sequentem

588 4158 648 4222 per
667 4135 873 4203 ebdomitam
893 4157 953 4222 pro
974 4159 1040 4222 quo
1062 4139 1281 4206 Infeodantur
1296 4139 1330 4204 in
1347 4137 1493 4224 quinque
1517 4138 1633 4204 solidis
1653 4147 1686 4203 et
1708 4146 1852 4222 quatuor
1866 4136 1888 4201 d
1904 4137 1945 4200 de

588 4241 859 4308 terralohannis
874 4243 994 4310 culane
1010 4251 1043 4310 et
1059 4243 1093 4310 in
1110 4265 1168 4310 sex
1184 4243 1300 4311 solidis
1315 4244 1356 4310 de
1373 4243 1478 4310 crolto
1497 4244 1587 4330 apud
1603 4241 1633 4309 le
1650 4243 1827 4309 crabstane
1846 4245 1945 4325 prout

588 4345 781 4432 responsuri
797 4355 876 4412 sunt

367 4536 461 4589 obitu·
675 4519 799 4586 Obitus
815 4520 996 4588 Alexandri
1015 4521 1199 4608 stranghed
1222 4521 1257 4587 in
1278 4521 1364 4588 festo
1387 4521 1596 4590 aduinculati
1619 4522 1736 4592 Sancti
1754 4521 1841 4607 petri
1858 4539 1948 4587 anno

364 4599 505 4735 fflffiffi
589 4621 716 4690 domini
738 4623 917 4693 millesimo
940 4625 1271 4712 quadringentesimo
1293 4625 1465 4694 tricesimo
1488 4625 1641 4712 Septimo
1663 4625 1770 4694 Cuius
1792 4625 1948 4694 annium·
