4472 5992
623 675 666 743 34
1104 651 1270 720 Frmclacio
1293 650 1408 720 Thone
1429 653 1511 722 Prot

622 829 804 900 Alexandri
827 827 1052 898 matheusone
1071 847 1112 895 ex
1131 824 1332 896 occidentali
1355 825 1508 912 partibus
1530 829 1573 896 ab
1592 827 1699 898 altera
1717 837 1750 898 et
1768 837 1894 900 terram
1915 853 1985 900 ma·

623 935 719 1024 gistri
739 932 900 1002 Richardi
923 931 1099 1002 crauiurde
1120 951 1238 998 versus
1258 938 1412 998 austrum
1435 939 1470 998 et
1493 951 1708 1000 communem
1730 931 1821 1002 uiam
1842 933 1985 1020 Regiam

626 1063 744 1111 versus
778 1039 907 1108 boriam
937 1059 979 1105 ex
1009 1057 1085 1104 meo
1119 1044 1282 1122 perpetuo
1316 1045 1504 1122 conquestu
1539 1047 1673 1124 emptos
1707 1045 1741 1106 et
1771 1049 1987 1126 recuperatos

627 1145 808 1215 Tenendos
830 1153 864 1211 et
887 1143 1061 1210 habendos
1083 1161 1202 1207 omnes
1222 1149 1256 1207 et
1277 1139 1429 1226 singulos
1451 1161 1583 1209 annuos
1608 1141 1775 1210 Redditus
1799 1143 1989 1212 antedictos

628 1273 705 1322 cum
726 1250 798 1318 suis
814 1249 948 1318 Iuribus
963 1256 997 1314 et
1013 1245 1226 1334 pertinentiis
1244 1245 1373 1331 prefato
1394 1246 1532 1314 domino
1549 1247 1694 1318 Iohanni
1714 1257 1790 1335 prat
1811 1249 1988 1335 capellano

627 1377 704 1424 meo
729 1363 892 1442 perpetuo
918 1351 1000 1423 dicti
1026 1350 1144 1420 altaris
1170 1360 1204 1418 et
1230 1350 1302 1420 suis
1328 1351 1580 1422 successoribus
1605 1353 1791 1440 capellanis
1817 1353 1989 1442 perpetuis

626 1462 814 1532 eiusdema
836 1481 891 1530 me
914 1467 947 1528 et
970 1456 1149 1528 heredibus
1175 1456 1261 1526 meis
1282 1456 1318 1524 in
1341 1479 1461 1544 puram
1484 1468 1517 1526 et
1540 1467 1738 1546 perpetuam
1764 1459 1988 1546 elymosinam

628 1571 880 1655 imperpetuum
913 1587 992 1634 cum
1023 1563 1116 1632 omni
1142 1563 1218 1650 jure
1248 1573 1282 1632 et
1309 1562 1397 1650 juris
1426 1563 1558 1634 clameo
1588 1587 1628 1634 ac
1658 1587 1737 1634 curn
1767 1565 1925 1634 omnibus
1954 1575 1988 1634 et

625 1673 768 1760 singulis
783 1671 996 1742 libertatibus
1011 1667 1274 1738 comoditatibus
1289 1677 1322 1738 et
1339 1669 1540 1740 asiamentis
1554 1693 1594 1740 ac
1606 1669 1710 1758 justis
1728 1671 1800 1744 suis
1820 1671 1987 1759 pertinen·

624 1779 682 1846 tiis
700 1778 968 1864 quibuscumque
984 1777 1027 1844 ad
1043 1775 1153 1844 dictos
1168 1795 1300 1844 annuos
1318 1775 1485 1845 Redditus
1500 1798 1578 1846 cum
1599 1777 1813 1864 pertinentiis
1833 1787 1987 1865 spectan-

624 1885 717 1952 tibus
732 1905 792 1952 seu
808 1883 896 1952 iuste
912 1891 1066 1968 spectare
1078 1881 1281 1950 Veientibus
1297 1883 1547 1967 quomodolibet
1563 1883 1598 1950 in
1613 1883 1764 1952 futurum
1776 1886 1870 1953 Adeo
1886 1885 1989 1952 libere

627 1987 776 2076 plenarie
791 1988 921 2076 integre
936 1987 1120 2054 honorifice
1135 1987 1221 2055 bene
1234 1997 1267 2056 et
1282 1987 1318 2054 in
1334 2009 1418 2075 pace
1432 1987 1467 2056 in
1482 1989 1641 2058 omnibus
1655 1999 1689 2058 et
1704 2011 1765 2076 per
1779 1990 1893 2059 omnia
1909 1999 1988 2058 sunt

627 2094 731 2181 aliqui
752 2095 856 2162 annui
872 2093 1023 2162 redditus
1038 2093 1073 2160 in
1089 2115 1209 2180 puram
1225 2101 1259 2160 et
1275 2103 1473 2181 perpetuam
1491 2095 1726 2183 Elymosinam
1742 2096 1884 2164 ecclesie
1904 2095 1990 2164 infra

630 2203 787 2286 Regnum
812 2200 922 2268 scocie
945 2203 1069 2268 dantur
1091 2201 1323 2268 conceduntur
1344 2211 1404 2268 aut
1427 2200 1642 2288 possidentur
1664 2202 1736 2270 sine
1758 2202 1990 2272 Reuocatione

630 2305 888 2374 Reclamatione
900 2315 959 2374 aut
972 2305 1238 2374 contradictione
1254 2305 1393 2392 aliquali
1410 2306 1476 2374 mei
1492 2308 1653 2376 heredum
1669 2329 1821 2376 meorum
1840 2307 1990 2393 assigna·

627 2419 740 2478 torum
756 2420 816 2478 aut
831 2410 974 2478 aliorum
996 2410 1133 2478 nomine
1153 2420 1269 2478 nostro
1288 2411 1443 2481 facienda
1459 2413 1630 2482 Faciendo
1648 2413 1726 2482 inde
1741 2424 1774 2481 et
1790 2415 1990 2482 celebrando

628 2517 740 2586 dictus
755 2516 912 2586 dominus
929 2517 1100 2586 Iohannes
1120 2539 1160 2584 ac
1181 2517 1233 2584 sui
1255 2539 1467 2586 successores
1487 2519 1654 2606 capellani
1672 2519 1824 2606 perpetui
1840 2519 1989 2587 eiusdem

629 2621 815 2708 capellanie
838 2621 981 2690 seruicia
1003 2632 1037 2690 et
1061 2621 1219 2708 suffragia
1242 2623 1358 2692 diuina
1379 2623 1533 2692 solitast
1554 2635 1717 2693 consueta
1738 2624 1912 2694 Sacerdoti
1937 2626 1990 2690 In·

629 2727 828 2797 cumbencia
843 2749 903 2814 pro
919 2729 1033 2800 salute
1051 2727 1164 2796 anime
1179 2749 1253 2796 mee
1269 2729 1460 2798 animarum
1476 2741 1655 2817 parentum
1677 2752 1819 2798 uxorum
1841 2739 1991 2798 anteces-

629 2856 743 2904 sorum
765 2855 998 2902 successorum
1019 2835 1269 2902 benefactorum
1290 2856 1406 2902 eorum
1423 2857 1444 2904 a
1459 2836 1580 2921 quibus
1601 2837 1714 2922 aliqua
1734 2837 1822 2904 bona
1840 2855 1990 2921 unquam

540 2966 541 2970 ¹
629 2939 719 3008 iuste
744 2939 847 3010 habui
871 2961 911 3008 ac
933 2939 1085 3008 omnium
1112 2939 1261 3008 fidelium
1289 2941 1522 3008 defunctorum
1551 2945 1694 3028 Insuper
1718 2941 1795 3008 volo
1821 2937 1992 3008 constituo

630 3045 749 3114 ordino
772 3055 805 3114 et
828 3047 903 3133 lego
923 3066 983 3132 pro
1004 3067 1059 3112 me
1079 3055 1113 3112 et
1134 3045 1313 3114 heredibus
1336 3045 1421 3113 meis
1443 3049 1532 3132 quod
1554 3047 1666 3115 dictus
1688 3046 1846 3115 dominus
1870 3047 1991 3113 Iohan-
2071 3129 2073 3132 Ι

632 3173 694 3220 nes
723 3161 756 3220 et
787 3151 839 3220 sui
855 3173 1083 3220 successores
1112 3152 1278 3238 capellani
1308 3151 1460 3240 perpetui
1490 3153 1589 3221 istius
1619 3153 1805 3240 capellanie
1836 3151 1992 3220 intersint

631 3257 854 3344 personaliter
882 3257 917 3324 in
946 3257 1095 3344 vesperis
1125 3256 1303 3326 matutinis
1332 3280 1372 3327 ac
1402 3257 1560 3326 omnibus
1589 3259 1665 3328 aliis
1695 3259 1787 3326 horis
1820 3257 1993 3326 canonicis

631 3359 719 3430 inira
755 3363 895 3430 chorum
929 3364 1215 3450 Aberdonensem
1237 3363 1446 3432 celebrandis
1484 3367 1571 3432 Item
1608 3363 1685 3432 volo
1721 3375 1754 3432 et
1791 3364 1866 3450 lego
1904 3366 1992 3449 quod

632 3469 829 3554 capellanus
857 3469 957 3536 istius
985 3467 1198 3538 fundacionis
1227 3469 1321 3536 nullo
1350 3469 1513 3536 beneficio
1543 3468 1731 3554 capellania
1762 3479 1819 3536 aut
1851 3468 1993 3536 seruicio

631 3583 727 3642 extra
763 3572 941 3642 ecclesiam
980 3573 1208 3659 parochialem
1250 3572 1457 3641 antedictam
1498 3575 1644 3659 gaudeat
1681 3583 1715 3640 et
1753 3571 1781 3640 si
1818 3582 1993 3660 promotus

632 3677 749 3748 siuerit
770 3681 813 3747 ad
833 3679 1033 3748 beneficium
1056 3678 1280 3765 capellaniam
1301 3688 1360 3748 aut
1380 3678 1560 3748 seruieium
1583 3689 1677 3748 extra
1699 3681 1841 3747 eandem
1862 3679 1992 3746 licitum

632 3783 697 3852 erit
726 3782 830 3852 michi
860 3792 894 3852 et
923 3782 1102 3852 heredibus
1131 3783 1217 3850 meis
1246 3785 1288 3852 de
1320 3785 1438 3852 eadem
1474 3783 1650 3870 disponere
1680 3783 1867 3868 cuicunque
1897 3783 1994 3850 alteri

633 3888 811 3975 capellano
829 3890 961 3976 ydoneo
982 3890 1125 3974 Insuper
1139 3888 1215 3956 volo
1231 3891 1319 3974 quod
1340 3889 1562 3976 personaliter
1582 3889 1744 3956 Resideat
1759 3888 1845 3956 inira
1865 3889 1993 3957 dictum

635 3997 779 4080 burgum
795 4003 829 4062 et
845 3993 873 4060 si
889 3993 924 4060 in
940 3992 1108 4080 personali
1123 3993 1310 4063 residencia
1332 3995 1481 4064 deficerit
1504 4003 1586 4066 tunc
1609 3995 1740 4063 licitum
1755 3994 1818 4062 erit
1834 3993 1938 4062 michi
1961 4003 1994 4061 et

635 4099 815 4169 heredibus
838 4099 923 4166 meis
938 4101 979 4168 de
995 4098 1188 4166 huiusmodi
1212 4100 1400 4186 capellania
1423 4101 1519 4169 alteri
1542 4101 1718 4188 capellano
1741 4099 1916 4186 prouidere
1933 4121 1994 4186 pro

636 4213 750 4272 nostre
776 4203 871 4272 libito
896 4203 1083 4270 voluntatis
1114 4205 1191 4271 Iure
1219 4225 1298 4271 vero
1327 4214 1527 4291 patronatus
1556 4207 1645 4274 dicte
1676 4205 1861 4293 capellanie
1892 4205 1995 4272 michi

636 4318 670 4376 et
682 4307 861 4376 heredibus
876 4307 961 4376 meis
975 4307 1137 4394 legitimis
1152 4309 1444 4396 propinquioribus
1458 4311 1710 4379 remanentibus
1725 4309 1896 4398 perpetuis
1912 4321 1995 4378 tem·

637 4413 774 4501 poribus
790 4415 836 4480 Et
852 4413 881 4480 si
895 4413 981 4481 iorte
996 4435 1058 4500 ego
1074 4422 1133 4482 aut
1148 4413 1288 4480 heredes
1303 4413 1369 4480 mei
1385 4421 1461 4500 post
1476 4414 1688 4481 vacationem
1704 4414 1794 4482 dicte
1809 4412 1995 4500 capellanie

637 4539 707 4588 non
722 4519 775 4588 usi
789 4518 952 4588 fuerimus
975 4521 1052 4588 Iure
1074 4519 1335 4607 presentationis
1356 4519 1455 4588 unius
1477 4520 1590 4606 ydonij
1615 4519 1781 4606 capellani
1801 4521 1845 4587 ad
1865 4517 1994 4587 dictum

639 4625 745 4694 altare
775 4624 973 4694 celebraturi
1003 4635 1040 4694 ut
1070 4624 1276 4712 permittitur
1304 4625 1390 4694 inira
1427 4625 1650 4712 quadraginta
1679 4624 1752 4694 dies
1780 4624 1931 4710 proxime
1960 4631 1993 4690 et
