4460 5984
405 699 546 802 Duratio
567 699 610 764 ad
630 695 808 786 hospitalem
832 695 926 782 burgi
946 695 982 762 de
1003 695 1149 762 abacta
1170 717 1191 762 a
1212 695 1352 762 Ricardo
1374 695 1493 762 Kintor
1569 712 1630 780 159

277 873 456 943 memorati
487 871 639 960 magistri
674 869 837 938 Iohannis
870 869 937 938 clat
970 868 1159 938 fundatoris
1192 868 1370 954 hospitalis
1402 867 1563 936 antedicti
1597 868 1632 935 in

276 979 420 1067 pecunia
443 985 621 1044 numerata
645 973 728 1042 mihi
753 983 927 1060 gratanter
948 973 1161 1059 persoluebat
1186 975 1227 1040 de
1252 995 1318 1058 qua
1339 973 1474 1060 quidem
1499 993 1633 1042 summa

277 1083 418 1170 pecunie
436 1103 497 1169 pro
516 1103 570 1148 me
588 1079 767 1148 heredibus
785 1087 819 1146 ct
837 1077 1020 1164 assignatis
1038 1077 1123 1144 meis
1141 1087 1240 1144 teneo
1259 1099 1313 1144 me
1332 1079 1416 1145 bene
1435 1087 1633 1146 contentum

277 1198 311 1255 et
326 1187 475 1275 plenarie
497 1185 705 1273 persolutum
720 1192 753 1250 et
774 1183 961 1268 predictum
986 1181 1184 1267 magistrum
1202 1182 1389 1248 Iohannem
1411 1191 1444 1248 et
1465 1205 1545 1250 suos
1560 1205 1634 1250 suc·

277 1315 430 1360 cessores
450 1313 489 1366 ac
510 1289 678 1375 hospitale
700 1287 908 1356 antedictum
929 1309 990 1374 pro
1010 1309 1065 1354 me
1087 1287 1266 1354 heredibus
1288 1297 1321 1354 et
1345 1286 1527 1372 assignatis
1549 1286 1635 1354 meis

278 1397 463 1483 quitclamo
482 1397 734 1481 Imperpetuum
751 1413 810 1479 per
824 1401 998 1478 presentes
1016 1391 1215 1460 Tenendum
1234 1401 1268 1460 et
1286 1392 1479 1460 habendum
1495 1401 1586 1460 totas
1601 1401 1634 1458 et

278 1501 428 1586 integras
460 1509 567 1567 terras
601 1519 696 1565 meas
728 1496 897 1582 predictas
930 1517 1007 1564 cum
1041 1495 1259 1582 pertinenciis
1288 1495 1439 1581 predicto
1472 1495 1635 1582 magistro

280 1605 400 1674 Ioanni
430 1605 502 1673 suis
531 1603 782 1672 successoribus
807 1603 842 1670 in
867 1603 1017 1688 predicto
1047 1601 1208 1688 hospitali
1231 1623 1292 1688 pro
1316 1601 1431 1670 anima
1457 1602 1635 1669 memorati

280 1710 443 1780 Iohannis
464 1708 653 1777 fundatoris
671 1718 705 1776 et
728 1707 906 1775 animabus
928 1709 1201 1792 predecessorum
1220 1717 1254 1773 et
1273 1727 1505 1774 successorum
1529 1707 1636 1792 ipsius

279 1837 320 1884 ac
337 1835 398 1902 pro
421 1814 577 1882 omnibus
593 1813 777 1882 animabus
795 1811 989 1880 christianis
1008 1810 1175 1880 defunctis
1195 1814 1258 1881 deo
1278 1813 1376 1879 beate
1395 1811 1636 1898 gloriosissime

277 1920 399 2008 virgini
423 1921 530 1988 marie
552 1929 586 1987 et
608 1919 766 1986 omnibus
791 1917 920 1985 sanctis
942 1928 976 1986 et
999 1917 1191 2004 specialiter
1214 1927 1333 1984 sancto
1357 1917 1473 1985 thome
1499 1917 1636 1986 marteri

279 2027 505 2099 seruientibus
531 2036 566 2094 et
593 2025 769 2092 seruituris
792 2047 812 2092 a
839 2045 893 2091 me
920 2024 1099 2092 heredibus
1122 2023 1207 2091 meis
1229 2031 1262 2090 et
1286 2021 1371 2090 meis
1389 2023 1572 2109 assignatis
1595 2025 1636 2090 dc

279 2152 437 2217 supremo
466 2130 603 2199 domino
633 2138 749 2196 nostro
778 2149 856 2213 rege
886 2137 919 2194 et
949 2138 1019 2194 tres
1049 2129 1151 2196 rudas
1181 2137 1394 2213 expressatas
1419 2130 1461 2195 de
1490 2111 1637 2195 dominis

279 2235 483 2323 supradictis
498 2237 533 2302 in
548 2235 645 2302 feodo
660 2243 694 2301 et
709 2232 896 2300 hereditate
916 2233 1170 2318 Imperpetuum
1189 2253 1267 2298 cum
1286 2231 1408 2298 debitis
1428 2230 1637 2316 longitudine

279 2352 313 2410 et
332 2341 511 2409 latitudine
530 2349 658 2408 etcum
676 2337 833 2406 omnibus
851 2337 929 2423 alijs
944 2347 977 2404 et
994 2337 1136 2424 singulis
1151 2336 1405 2422 quibuscunque
1423 2335 1638 2404 libertatibus

280 2455 314 2514 ct
335 2443 533 2512 asiamentis
551 2465 592 2511 ac
613 2441 719 2510 Iustis
739 2441 809 2508 suis
829 2441 1042 2527 pertinentijs
1063 2441 1317 2526 quibuscunque
1338 2444 1380 2509 ad
1401 2441 1511 2508 dictas
1530 2451 1637 2508 terras

281 2550 354 2618 siue
379 2551 482 2618 rudas
509 2548 741 2635 spectantibus
764 2568 824 2614 seu
849 2549 942 2614 Iuste
969 2558 1122 2634 spectare
1143 2546 1335 2614 valentibus
1359 2546 1580 2632 quouismodo
1602 2547 1637 2613 in
1659 2559 1704 2612 fot.
1719 2556 1771 2612 ω’

280 2656 432 2723 iuturum
454 2656 539 2721 adeo
562 2653 665 2720 libere
685 2652 797 2738 quiete
817 2651 965 2737 plenarie
986 2651 1115 2736 integre
1137 2651 1320 2718 honorifice
1340 2653 1425 2718 bene
1445 2663 1479 2720 et
1499 2651 1534 2718 irr
1554 2672 1637 2736 pace

282 2759 330 2826 sic
357 2759 468 2844 alique
494 2759 576 2825 rude
601 2757 673 2824 siue
699 2765 788 2823 terre
813 2755 848 2822 in
863 2777 966 2842 regno
993 2757 1098 2823 scotie
1123 2755 1222 2823 vendi
1253 2766 1395 2842 possunt
1420 2757 1473 2823 vel
1500 2755 1638 2823 concedi

283 2865 409 2948 absque
442 2863 556 2948 aliqua
588 2861 804 2930 reuocatione
841 2861 1080 2930 reclamatione
1117 2883 1157 2928 ac
1188 2861 1453 2929 contradictione
1488 2861 1555 2928 mei
1584 2861 1638 2928 vel

282 2967 443 3036 heredum
459 2989 611 3034 meorum
630 2977 688 3034 aut
704 2967 953 3052 assignatorum
968 2965 1022 3034 vel
1037 2966 1180 3034 aliorum
1200 2989 1488 3054 quorumcumque
1502 2967 1639 3034 nomine

283 3083 399 3140 nostro
415 3073 468 3140 vel
488 3093 529 3140 ex
548 3082 644 3158 parte
663 3081 780 3139 nostra
805 3074 925 3156 Itaque
945 3093 1007 3138 nec
1028 3092 1091 3156 ego
1109 3071 1221 3139 dictus
1244 3071 1396 3140 ricardus
1415 3073 1556 3141 heredes
1580 3081 1638 3140 aut

283 3177 448 3264 assignati
466 3177 533 3244 mei
552 3179 611 3244 Ius
628 3177 681 3244 vel
700 3177 868 3244 clameum
887 3175 1023 3262 aliquod
1042 3175 1076 3242 in
1095 3176 1195 3244 dictis
1212 3176 1313 3244 terris
1331 3199 1409 3244 curn
1427 3177 1640 3263 pertinentijs

284 3281 416 3368 exigere
445 3281 630 3367 poterimus
661 3280 882 3366 quouisnrodo
912 3281 964 3346 vel
994 3279 1173 3348 vendicare
1203 3281 1262 3348 sed
1292 3281 1334 3348 ab
1364 3280 1491 3348 eisdem
1522 3301 1640 3348 sumus

283 3385 410 3455 exclusi
430 3388 683 3472 Imperpetuum
699 3407 759 3472 per
773 3394 948 3472 presentes
968 3387 1153 3452 Reddendo
1170 3387 1254 3453 Inde
1274 3385 1450 3452 annuatim
1470 3385 1641 3471 predictus

285 3493 447 3580 magister
474 3493 644 3560 Iohannes
673 3501 708 3560 et
738 3491 810 3560 eius
840 3513 1054 3558 successores
1078 3513 1235 3577 supremo
1253 3479 1402 3558 ¹domino
1432 3500 1547 3558 nostro
1570 3491 1641 3578 regi

284 3597 417 3664 firmam
440 3597 567 3684 regiam
583 3619 661 3664 curn
677 3595 753 3665 aliis
768 3596 890 3665 debitis
909 3597 1080 3664 consuetis
1095 3607 1129 3664 et
1144 3595 1290 3664 dominis
1305 3597 1347 3664 de
1361 3595 1477 3664 lenton
1493 3598 1535 3664 de
1549 3597 1643 3664 rudis

285 3699 489 3787 expressatis
513 3701 658 3786 quinque
685 3703 765 3768 bata
792 3721 974 3768 avenarum
1000 3702 1041 3767 de
1065 3701 1204 3785 antiqua
1231 3721 1390 3768 mensura
1414 3701 1456 3766 ad
1480 3700 1643 3767 terminos

285 3806 372 3874 inira
395 3807 524 3873 dictum
549 3807 691 3892 burgum
716 3816 864 3874 statutos
887 3816 1021 3873 tanturn
1045 3827 1105 3892 pro
1129 3805 1221 3872 omni
1246 3807 1312 3874 alio
1336 3805 1475 3872 seruitio
1499 3805 1643 3873 seculari

285 3910 419 3978 actione
433 3911 487 3976 vel
506 3912 673 3978 demanda
688 3932 752 3995 que
768 3912 809 3977 de
825 3910 985 3996 predictis
999 3910 1098 3976 terris
1113 3909 1200 3996 exigi
1216 3919 1374 3994 poterunt
1388 3909 1441 3976 vel
1457 3909 1579 3994 requiri
1597 3911 1643 3977 Et

286 4015 315 4082 si
336 4014 510 4101 contingat
527 4019 615 4102 quod
631 4016 719 4084 absit
735 4017 901 4102 prelatum
918 4015 1119 4102 magistrum
1137 4016 1324 4082 Iohannem
1343 4025 1401 4082 aut
1421 4015 1494 4082 eius
1512 4037 1644 4083 succes·

287 4141 380 4186 sores
395 4119 430 4186 in
446 4119 606 4204 predictis
624 4141 747 4188 nouem
765 4121 859 4189 rudis
877 4131 911 4188 et
930 4123 1047 4188 decern
1065 4121 1118 4187 vel
1137 4120 1172 4186 in
1191 4119 1305 4204 aliqua
1323 4141 1440 4186 earum
1456 4119 1644 4204 perturbari

286 4221 339 4288 vel
369 4221 549 4307 inquietari
580 4245 640 4310 per
666 4245 720 4292 me
746 4224 798 4291 vel
825 4225 971 4310 aliquem
1003 4225 1107 4292 alium
1135 4225 1190 4290 Ita
1216 4225 1305 4310 quod
1331 4223 1416 4290 meis
1443 4224 1645 4310 supradictis

287 4325 491 4394 alienatione
513 4337 546 4394 et
561 4328 754 4397 venditione
777 4329 916 4415 pacifice
931 4332 1077 4416 gaudere
1099 4349 1167 4396 non
1190 4327 1313 4415 poterit
1328 4327 1380 4394 vel
1403 4328 1550 4414 poterint
1573 4351 1646 4414 pre-

288 4433 388 4500 dictis
399 4435 492 4501 rudis
504 4457 580 4502 curn
593 4436 806 4522 pertinentiis
817 4435 870 4503 vel
881 4435 995 4522 aliqua
1006 4437 1188 4503 earundem
1200 4435 1312 4521 obligo
1324 4443 1358 4502 et
1370 4433 1544 4520 abstringo
1555 4443 1646 4502 tene·

289 4550 442 4608 mentum
467 4543 588 4609 Iacens
613 4543 648 4610 in
674 4543 706 4610 le
731 4543 912 4630 gallowgat
939 4545 980 4610 de
1006 4542 1163 4611 abirdene
1186 4541 1274 4608 inter
1302 4547 1499 4608 tenemento
1523 4541 1647 4607 andree

288 4643 461 4712 mderlurd
491 4654 525 4712 et
555 4645 726 4716 alexandri
756 4647 888 4735 patricij
916 4647 966 4716 Ac
992 4669 1110 4715 omnes
1140 4645 1227 4714 alias
1255 4654 1363 4716 terras
1391 4653 1587 4712 tenementa
1613 4653 1647 4712 et
