4460 5984
606 670 738 736 Rentale
760 670 899 736 obituum
921 675 949 736 et
970 669 1272 738 Amiuemariorum
1554 690 1618 758 227

261 843 416 915 mariorie
438 854 472 912 et
497 842 660 912 Iohannis
684 845 826 929 Insuper
848 841 1008 910 collector
1033 843 1283 928 capellanorum
1307 845 1366 929 qui
1385 867 1444 930 pro
1466 855 1617 931 tempore

259 949 358 1016 fuerit
375 948 525 1016 tabulam
542 948 678 1014 solitam
695 967 796 1031 super
811 945 1057 1012 monimentum
1081 947 1205 1015 locabit
1222 947 1402 1016 luminaria
1416 949 1565 1018 inueniet
1580 959 1616 1018 vt

260 1053 364 1120 moris
379 1063 431 1120 est
447 1052 481 1118 in
497 1051 691 1118 huiusmodi
713 1049 944 1117 anniuersario
960 1052 1148 1134 Ceteraque
1171 1053 1360 1128 necessaria
1376 1052 1526 1138 perficiet
1551 1055 1616 1120 Pro

259 1156 571 1242 quibus.eapellanj
599 1155 740 1240 predicti
769 1155 982 1222 infeodantur
1004 1153 1039 1220 in
1061 1175 1128 1221 vno
1154 1177 1268 1222 annuo
1289 1157 1420 1223 redditu
1443 1158 1615 1224 trisdecim

258 1259 441 1326 solidorum
480 1269 513 1324 et
549 1267 693 1342 quatuor
729 1257 941 1324 denariorum
979 1257 1106 1324 vsualis
1143 1267 1278 1326 monete
1315 1259 1425 1326 scocie
1455 1263 1496 1328 de
1525 1272 1615 1330 terra

258 1364 428 1448 alexandrj
462 1361 589 1430 mathei
620 1363 654 1428 in
681 1363 755 1428 vico
784 1363 954 1430 furcarum
981 1362 1061 1447 dictj
1092 1363 1187 1448 burgi
1217 1385 1258 1430 ex
1289 1365 1489 1438 occidentali
1514 1377 1614 1451 parte

258 1467 408 1534 eiusdem
431 1467 520 1534 inter
540 1477 665 1534 terram
689 1467 941 1534 Walten'Wod
957 1488 998 1533 ex
1017 1467 1140 1533 boreali
1161 1489 1203 1538 ex
1217 1489 1283 1535 vna
1305 1479 1339 1536 et
1362 1477 1488 1538 terram
1512 1492 1614 1555 quon·

257 1575 336 1640 dam
353 1573 480 1657 cristinj
505 1573 616 1640 litster
638 1593 678 1638 ex
695 1571 835 1639 australi
858 1573 1011 1657 partibus
1033 1574 1076 1640 ab
1100 1572 1207 1640 altera
1229 1584 1262 1640 et
1285 1595 1500 1642 communem
1523 1577 1613 1644 viam

256 1679 517 1764 regiam'versus
532 1680 643 1745 oriens
659 1679 706 1744 Et
722 1679 833 1752 lacu'm
849 1678 929 1761 dictj
948 1677 1044 1763 burgi
1059 1699 1176 1744 versus
1192 1679 1349 1746 occidens

344 1895 510 1962 Omnibus
540 1895 628 1961 hanc
659 1905 788 1962 cartam
817 1895 940 1978 visuris
969 1895 1021 1961 vel
1051 1895 1226 1978 Audituris¹
1257 1897 1427 1962 Iohannes
1456 1898 1611 1964 Wormet
1635 1903 1677 1955 ror
1694 1904 1743 1956 91¹

256 1999 432 2084 burgensis
469 2001 563 2085 burgj
604 2003 645 2066 de
682 1983 853 2067 Abirdenn
892 2002 1055 2068 Eternam
1094 2001 1127 2066 in
1166 2001 1302 2068 domino
1341 2002 1485 2068 salutem
1524 2003 1610 2070 Cum
1635 2017 1836 2112 obstupens

255 2125 374 2171 omnes
413 2106 578 2172 stabimus
622 2115 702 2172 ante
747 2106 893 2173 tribunal
937 2106 1064 2192 domini
1105 2109 1211 2192 nostrj
1245 2109 1358 2174 'Ihesu
1401 2107 1495 2174 cristi
1539 2109 1610 2175 siue
1633 2111 1693 2161 ‘¹²³¹
1706 2111 1830 2163 Iohannis

256 2209 380 2276 bonum
402 2209 474 2276 siue
497 2211 625 2276 malum
648 2210 748 2276 luerit
768 2210 935 2295 recepturi
950 2221 1056 2296 prout.
1071 2211 1105 2276 in
1129 2211 1275 2297 presentj
1293 2210 1406 2278 seculo
1427 2212 1612 2279 meruimus
1634 2175 1752 2228 ΨΜ

256 2313 365 2399 Igitur
380 2313 468 2380 diem
482 2315 621 2380 extremi
636 2315 928 2401 Iudicij'operibus
940 2315 1170 2384 misericordie
1181 2317 1361 2401 expediens
1373 2328 1425 2383 est
1437 2318 1611 2403 preuenire

254 2426 291 2484 ut
304 2417 471 2485 seminata
483 2417 633 2486 interris
648 2419 826 2505 multiplici
841 2419 953 2486 fructu
969 2420 1168 2505 colligamus
1180 2421 1215 2486 in
1232 2421 1313 2487 celis
1325 2423 1423 2488 Vnde
1440 2423 1611 2490 Noueritis

209 2563 212 2572 .
254 2542 308 2588 me
323 2520 359 2586 in
374 2521 537 2588 honorem
562 2523 628 2588 Dei
651 2522 905 2606 omnipotentis
927 2523 1122 2590 beatissime
1136 2523 1277 2608 virginis
1292 2524 1397 2590 marie
1409 2535 1443 2591 et
1459 2526 1609 2592 omnium
1716 2565 1724 2592 κ

254 2637 447 2694 sanctonum
478 2649 538 2713 pro
567 2628 676 2694 salute
702 2628 824 2694 Anime
854 2649 928 2694 mee
954 2629 1076 2695 Anime
1108 2629 1252 2700 Isabelle
1282 2630 1457 2698 crichtoun
1488 2653 1610 2716 sponse

253 2753 328 2800 mee
354 2735 514 2802 modemc
536 2735 657 2800 Anime
689 2737 859 2818 quondam
886 2736 1073 2802 Annabelle
1105 2735 1216 2802 kintor
1242 2755 1364 2822 sponse
1391 2759 1465 2804 mee
1491 2739 1611 2824 prioris

132 2853 134 2858 ’
252 2838 450 2906 Animarum
464 2839 607 2925 prolium
619 2849 811 2906 nostrarum
827 2833 1006 2926 parentum
1023 2841 1273 2908 benefactorum
1289 2853 1480 2910 nostrorum
1493 2863 1609 2910 eorum

252 2943 409 3028 aquibus
424 2945 537 3029 aliqua
552 2946 641 3012 bona
657 2945 858 3012 minusiuste
874 2945 976 3014 habui
990 2967 1029 3012 ac
1041 2945 1193 3013 omnium
1209 2947 1358 3014 fidelium
1375 2949 1608 3014 defunctorum

252 3049 384 3115 dedisse
408 3033 616 3116 concessisse
640 3061 673 3116 et
700 3051 765 3117 hac
787 3051 933 3136 presentj
959 3061 1052 3118 carta
1079 3061 1155 3118 mea
1180 3053 1398 3120 confirmasse
1425 3056 1551 3123 Curato
1575 3065 1609 3120 et

252 3154 437 3240 capellanis
453 3155 546 3222 chori
570 3155 711 3222 ecclesie
728 3157 931 3242 parochialis
953 3157 1042 3240 be'atj
1059 3157 1205 3240 nicliolaj
1224 3158 1303 3242 dictj
1322 3159 1417 3243 burgi
1442 3168 1551 3224 totum
1575 3167 1609 3225 et

252 3256 420 3342 integrum
444 3251 532 3326 illud
550 3259 693 3326 crottum
716 3281 830 3326 meum
847 3261 919 3327 siue
939 3271 1064 3328 terram
1081 3283 1193 3328 meam
1210 3283 1287 3328 cum
1304 3263 1374 3328 suis
1396 3261 1609 3348 pertinentiis

253 3365 424 3430 Iacentem
452 3365 538 3432 infra
562 3366 690 3432 dictum
718 3367 859 3451 burgum
891 3367 932 3432 in¹
953 3367 1120 3433 territorio
1146 3368 1328 3434 croltorum
1355 3369 1396 3434 de
1422 3368 1496 3452 futy
1521 3367 1609 3434 inter

250 3477 373 3534 terram
397 3471 566 3552 quondam
590 3469 755 3538 Willelmi
778 3491 879 3556 cryne
902 3491 943 3536 ex
958 3471 1098 3538 australi
1121 3493 1161 3538 ex
1180 3493 1248 3538 vna
1270 3481 1304 3538 et
1326 3483 1449 3537 terram
1466 3471 1607 3537 fratrum

251 3573 500 3642 carmelitarum
522 3558 602 3659 dictj
627 3577 722 3661 burgj
748 3597 788 3642 ex
809 3577 934 3644 boreali
954 3578 1106 3662 partibus
1130 3579 1172 3644 ab
1196 3577 1303 3644 altera
1325 3577 1562 3643 extendentem
1587 3597 1607 3643 a

251 3679 431 3745 Communi
446 3681 501 3746 via
517 3681 609 3766 regia
623 3703 740 3748 versus
755 3681 913 3748 occidens
928 3684 970 3748 ad
986 3682 1017 3748 le
1033 3681 1195 3768 cuttingis
1210 3703 1327 3748 versus
1349 3681 1460 3748 oriens
1475 3681 1608 3761 Tenen·
1664 3741 1667 3744 .

250 3786 330 3852 dum
347 3794 379 3851 et
396 3785 587 3854 habendum
611 3797 721 3853 totum
745 3797 778 3852 et
802 3787 970 3872 integrum
994 3789 1138 3854 crottum
1162 3788 1234 3854 siue
1256 3797 1380 3854 terram
1400 3787 1606 3854 antedictam

250 3909 327 3954 cum
344 3889 415 3956 suis
430 3891 642 3978 pertinentiis
657 3891 796 3976 prefatis
812 3893 939 3958 Curato
955 3902 988 3958 et
1004 3892 1188 3978 capellanis
1203 3913 1243 3958 ac
1259 3892 1330 3958 suis
1347 3891 1607 3960 Successoribus

249 3995 434 4080 capellanis
459 3995 539 4079 dictj
568 3996 660 4081 chori
686 4019 707 4064 a
731 4018 785 4063 me
811 4007 844 4063 et
871 3997 1051 4065 heredibus
1077 3997 1163 4063 meis
1189 3998 1230 4064 de
1253 3997 1442 4083 Suppremo
1469 3995 1606 4062 domino

249 4109 364 4165 nostro
391 4121 469 4185 rege
492 4099 533 4166 in·
553 4109 673 4186 puram
700 4110 734 4167 et
759 4111 957 4186 perpetuam
989 4101 1201 4168 elimosinam
1233 4099 1486 4188 Imperpetuum
1518 4102 1604 4168 Cum

248 4203 341 4268 omni
366 4205 444 4270 Iure
466 4213 499 4269 et
524 4203 612 4270 Iuris
635 4205 765 4270 clameo
789 4224 866 4270 cum
889 4204 1011 4271 debitis
1033 4205 1242 4290 longitudine
1265 4215 1298 4271 et
1325 4203 1503 4271 latitudine
1527 4221 1605 4268 cum

248 4307 390 4392 edificijs
403 4311 546 4394 desuper
562 4309 796 4376 construendis
811 4311 861 4375 Ac
880 4331 957 4374 cum
973 4310 1130 4376 omnibus
1145 4309 1222 4394 alijs
1238 4321 1271 4376 et
1287 4310 1430 4396 singulis
1445 4307 1606 4374 libertati-

248 4410 311 4476 bus
334 4413 631 4478 commoditatibus
653 4421 687 4478 et
710 4411 909 4478 asiamentis
934 4433 975 4478 ac
1001 4413 1106 4480 Iustis
1133 4413 1203 4480 suis
1227 4412 1442 4499 pertinenciis
1470 4412 1604 4498 quibus·

248 4533 380 4598 cunque
403 4516 457 4582 ³ad
478 4515 679 4599 predictum
706 4515 859 4582 croftum
888 4514 984 4582 siue·
1006 4525 1131 4582 terram
1169 4537 1247 4584 cum
1284 4514 1355 4582 suis
1379 4513 1604 4600 pertinentiis

249 4617 480 4700 spectantibus
502 4637 562 4683 seu
594 4618 688 4684 Iuste
714 4627 866 4703 spectare
892 4617 1089 4686 valentibus·
1109 4618 1359 4704 quomodolibet
1372 4649 1374 4656 ·
1388 4617 1423 4686 in
1452 4617 1601 4684 futurum
