<?xml version="1.0" encoding="UTF-8"?>
<!DOCTYPE html PUBLIC "-//W3C//DTD XHTML 1.0 Transitional//EN"
    "http://www.w3.org/TR/xhtml1/DTD/xhtml1-transitional.dtd">
<html xmlns="http://www.w3.org/1999/xhtml" xml:lang="en" lang="en">
 <head>
  <title>
</title>
<meta http-equiv="Content-Type" content="text/html;charset=utf-8" />
  <meta name='ocr-system' content='tesseract 3.04.00' />
  <meta name='ocr-capabilities' content='ocr_page ocr_carea ocr_par ocr_line ocrx_word'/>
</head>
<body>
  <div class='ocr_page' id='page_1' title='image "./cartulariumeccl00logagoog_0202.png"; bbox 0 0 4460 5984; ppageno 0'>
   <div class='ocr_carea' id='block_1_1' title="bbox 631 675 1574 767">
    <p class='ocr_par' dir='ltr' id='par_1_1' title="bbox 631 675 1574 767">
     <span class='ocr_line' id='line_1_1' title="bbox 631 675 1574 767; baseline -0.004 -19"><span class='ocrx_word' id='word_1_1' title='bbox 631 697 695 767; x_wconf 81' lang='lat'><strong>174</strong></span> <span class='ocrx_word' id='word_1_2' title='bbox 1042 675 1574 746; x_wconf 58' lang='lat' dir='ltr'><strong>amoenissima</strong></span> 
     </span>
    </p>
   </div>
   <div class='ocr_carea' id='block_1_2' title="bbox 628 849 1987 1776">
    <p class='ocr_par' dir='ltr' id='par_1_2' title="bbox 628 849 1987 1776">
     <span class='ocr_line' id='line_1_2' title="bbox 629 849 1985 937; baseline -0.004 -16"><span class='ocrx_word' id='word_1_3' title='bbox 629 853 736 922; x_wconf 88' lang='lat' dir='ltr'>Cuius</span> <span class='ocrx_word' id='word_1_4' title='bbox 750 852 799 920; x_wconf 88' lang='lat' dir='ltr'><strong>rei</strong></span> <span class='ocrx_word' id='word_1_5' title='bbox 814 851 1047 919; x_wconf 88' lang='lat' dir='ltr'>testimonium</span> <span class='ocrx_word' id='word_1_6' title='bbox 1069 851 1224 937; x_wconf 88' lang='lat' dir='ltr'>Sigillum</span> <span class='ocrx_word' id='word_1_7' title='bbox 1240 871 1354 918; x_wconf 89' lang='lat' dir='ltr'><strong>meum</strong></span> <span class='ocrx_word' id='word_1_8' title='bbox 1378 850 1550 936; x_wconf 88' lang='lat' dir='ltr'>proprium</span> <span class='ocrx_word' id='word_1_9' title='bbox 1565 871 1710 917; x_wconf 89' lang='lat' dir='ltr'><strong>vnacum</strong></span> <span class='ocrx_word' id='word_1_10' title='bbox 1727 871 1803 916; x_wconf 84' lang='lat' dir='ltr'><strong>mea</strong></span> <span class='ocrx_word' id='word_1_11' title='bbox 1819 849 1985 934; x_wconf 86' lang='lat' dir='ltr'>subscrip·</span> 
     </span>
     <span class='ocr_line' id='line_1_3' title="bbox 628 953 1985 1042; baseline -0.005 -16"><span class='ocrx_word' id='word_1_12' title='bbox 628 959 721 1026; x_wconf 91' lang='lat' dir='ltr'><strong>tione</strong></span> <span class='ocrx_word' id='word_1_13' title='bbox 736 957 886 1026; x_wconf 80' lang='lat' dir='ltr'><strong>manuali</strong></span> <span class='ocrx_word' id='word_1_14' title='bbox 908 977 1040 1025; x_wconf 87' lang='lat' dir='ltr'><strong>necnon</strong></span> <span class='ocrx_word' id='word_1_15' title='bbox 1065 957 1220 1042; x_wconf 88' lang='lat' dir='ltr'>Sigillum</span> <span class='ocrx_word' id='word_1_16' title='bbox 1244 955 1451 1023; x_wconf 90' lang='lat' dir='ltr'><strong>honorabilis</strong></span> <span class='ocrx_word' id='word_1_17' title='bbox 1472 955 1535 1021; x_wconf 91' lang='lat' dir='ltr'><strong>viri</strong></span> <span class='ocrx_word' id='word_1_18' title='bbox 1554 955 1671 1022; x_wconf 88' lang='lat' dir='ltr'><strong>thome</strong></span> <span class='ocrx_word' id='word_1_19' title='bbox 1692 955 1872 1022; x_wconf 87' lang='lat' dir='ltr'><strong>Chawmer</strong></span> <span class='ocrx_word' id='word_1_20' title='bbox 1885 953 1985 1020; x_wconf 85' lang='lat' dir='ltr'><strong>vniua</strong></span> 
     </span>
     <span class='ocr_line' id='line_1_4' title="bbox 628 1061 1985 1148; baseline -0.005 -16"><span class='ocrx_word' id='word_1_21' title='bbox 628 1065 829 1132; x_wconf 90' lang='lat' dir='ltr'>balliuorum</span> <span class='ocrx_word' id='word_1_22' title='bbox 857 1063 938 1130; x_wconf 93' lang='lat' dir='ltr'><strong>dicti</strong></span> <span class='ocrx_word' id='word_1_23' title='bbox 965 1063 1061 1148; x_wconf 85' lang='lat' dir='ltr'>burgi</span> <span class='ocrx_word' id='word_1_24' title='bbox 1091 1085 1131 1130; x_wconf 89' lang='lat' dir='ltr'><strong>ac</strong></span> <span class='ocrx_word' id='word_1_25' title='bbox 1158 1061 1287 1128; x_wconf 88' lang='lat' dir='ltr'><strong>datoris</strong></span> <span class='ocrx_word' id='word_1_26' title='bbox 1313 1062 1425 1129; x_wconf 88' lang='lat' dir='ltr'><strong>sasine</strong></span> <span class='ocrx_word' id='word_1_27' title='bbox 1452 1061 1645 1129; x_wconf 89' lang='lat' dir='ltr'><strong>huiusmodi</strong></span> <span class='ocrx_word' id='word_1_28' title='bbox 1670 1061 1882 1147; x_wconf 79' lang='lat' dir='ltr'>presentibus</span> <span class='ocrx_word' id='word_1_29' title='bbox 1905 1068 1985 1126; x_wconf 91' lang='lat' dir='ltr'>sunt</span> 
     </span>
     <span class='ocr_line' id='line_1_5' title="bbox 628 1163 1984 1254; baseline -0.004 -18"><span class='ocrx_word' id='word_1_30' title='bbox 628 1189 779 1254; x_wconf 88' lang='lat' dir='ltr'><strong>appensa</strong></span> <span class='ocrx_word' id='word_1_31' title='bbox 793 1170 893 1254; x_wconf 86' lang='lat' dir='ltr'>Apud</span> <span class='ocrx_word' id='word_1_32' title='bbox 908 1167 1067 1234; x_wconf 89' lang='lat' dir='ltr'><strong>abirdene</strong></span> <span class='ocrx_word' id='word_1_33' title='bbox 1087 1167 1251 1252; x_wconf 90' lang='lat' dir='ltr'><strong>vigesimo</strong></span> <span class='ocrx_word' id='word_1_34' title='bbox 1266 1167 1411 1251; x_wconf 90' lang='lat' dir='ltr'><strong>septimo</strong></span> <span class='ocrx_word' id='word_1_35' title='bbox 1433 1166 1487 1234; x_wconf 89' lang='lat' dir='ltr'><strong>die</strong></span> <span class='ocrx_word' id='word_1_36' title='bbox 1503 1166 1630 1232; x_wconf 82' lang='lat' dir='ltr'><strong>mensis</strong></span> <span class='ocrx_word' id='word_1_37' title='bbox 1645 1167 1725 1252; x_wconf 89' lang='lat' dir='ltr'><strong>maij</strong></span> <span class='ocrx_word' id='word_1_38' title='bbox 1743 1167 1842 1232; x_wconf 87' lang='lat' dir='ltr'><strong>Anno</strong></span> <span class='ocrx_word' id='word_1_39' title='bbox 1857 1163 1984 1232; x_wconf 90' lang='lat' dir='ltr'><strong>domini</strong></span> 
     </span>
     <span class='ocr_line' id='line_1_6' title="bbox 628 1270 1984 1358; baseline -0.002 -20"><span class='ocrx_word' id='word_1_40' title='bbox 628 1273 809 1340; x_wconf 92' lang='lat' dir='ltr'><strong>millesimo</strong></span> <span class='ocrx_word' id='word_1_41' title='bbox 834 1272 1104 1358; x_wconf 85' lang='lat' dir='ltr'><strong>quingentesimo</strong></span> <span class='ocrx_word' id='word_1_42' title='bbox 1128 1271 1302 1357; x_wconf 88' lang='lat' dir='ltr'><strong>trigesimo</strong></span> <span class='ocrx_word' id='word_1_43' title='bbox 1326 1273 1429 1338; x_wconf 87' lang='lat' dir='ltr'><strong>Sexto</strong></span> <span class='ocrx_word' id='word_1_44' title='bbox 1456 1274 1579 1340; x_wconf 90' lang='lat' dir='ltr'><strong>Coram</strong></span> <span class='ocrx_word' id='word_1_45' title='bbox 1605 1270 1925 1357; x_wconf 88' lang='lat' dir='ltr'><strong>testibusprouidis</strong></span> <span class='ocrx_word' id='word_1_46' title='bbox 1951 1279 1984 1336; x_wconf 92' lang='lat' dir='ltr'><strong>et</strong></span> 
     </span>
     <span class='ocr_line' id='line_1_7' title="bbox 628 1376 1984 1462; baseline -0.001 -18"><span class='ocrx_word' id='word_1_47' title='bbox 628 1377 783 1446; x_wconf 88' lang='lat' dir='ltr'><strong>diseretis</strong></span> <span class='ocrx_word' id='word_1_48' title='bbox 811 1378 892 1443; x_wconf 87' lang='lat' dir='ltr'>viris</span> <span class='ocrx_word' id='word_1_49' title='bbox 923 1377 1075 1444; x_wconf 85' lang='lat' dir='ltr'><strong>Iohanne</strong></span> <span class='ocrx_word' id='word_1_50' title='bbox 1104 1378 1171 1462; x_wconf 91' lang='lat' dir='ltr'><strong>hay</strong></span> <span class='ocrx_word' id='word_1_51' title='bbox 1203 1378 1354 1444; x_wconf 89' lang='lat' dir='ltr'><strong>Iohanne</strong></span> <span class='ocrx_word' id='word_1_52' title='bbox 1381 1379 1545 1444; x_wconf 87' lang='lat' dir='ltr'><strong>brabaner</strong></span> <span class='ocrx_word' id='word_1_53' title='bbox 1571 1378 1723 1444; x_wconf 86' lang='lat' dir='ltr'><strong>Iohanne</strong></span> <span class='ocrx_word' id='word_1_54' title='bbox 1749 1377 1836 1445; x_wconf 88' lang='lat' dir='ltr'><strong>mair</strong></span> <span class='ocrx_word' id='word_1_55' title='bbox 1861 1376 1984 1443; x_wconf 85' lang='lat' dir='ltr'><strong>seniori</strong></span> 
     </span>
     <span class='ocr_line' id='line_1_8' title="bbox 628 1481 1987 1568; baseline 0 -22"><span class='ocrx_word' id='word_1_56' title='bbox 628 1482 818 1549; x_wconf 83' lang='lat' dir='ltr'><strong>Alexandro</strong></span> <span class='ocrx_word' id='word_1_57' title='bbox 833 1483 1020 1550; x_wconf 90' lang='lat' dir='ltr'><strong>andersone</strong></span> <span class='ocrx_word' id='word_1_58' title='bbox 1038 1481 1108 1548; x_wconf 90' lang='lat' dir='ltr'><strong>filio</strong></span> <span class='ocrx_word' id='word_1_59' title='bbox 1124 1503 1200 1549; x_wconf 87' lang='lat' dir='ltr'><strong>meo</strong></span> <span class='ocrx_word' id='word_1_60' title='bbox 1219 1483 1337 1549; x_wconf 89' lang='lat' dir='ltr'><strong>thoma</strong></span> <span class='ocrx_word' id='word_1_61' title='bbox 1358 1502 1499 1567; x_wconf 85' lang='lat' dir='ltr'><strong>mengze</strong></span> <span class='ocrx_word' id='word_1_62' title='bbox 1519 1483 1741 1568; x_wconf 82' lang='lat' dir='ltr'><strong>burgensibus</strong></span> <span class='ocrx_word' id='word_1_63' title='bbox 1755 1485 1797 1549; x_wconf 90' lang='lat' dir='ltr'><strong>de</strong></span> <span class='ocrx_word' id='word_1_64' title='bbox 1812 1483 1987 1548; x_wconf 80' lang='lat' dir='ltr'><strong>Aberdene</strong></span> 
     </span>
     <span class='ocr_line' id='line_1_9' title="bbox 628 1585 1986 1672; baseline -0.001 -20"><span class='ocrx_word' id='word_1_65' title='bbox 628 1587 765 1654; x_wconf 88' lang='lat' dir='ltr'><strong>domino</strong></span> <span class='ocrx_word' id='word_1_66' title='bbox 793 1587 945 1652; x_wconf 87' lang='lat' dir='ltr'><strong>Iohanne</strong></span> <span class='ocrx_word' id='word_1_67' title='bbox 970 1609 1073 1654; x_wconf 90' lang='lat' dir='ltr'><strong>vauss</strong></span> <span class='ocrx_word' id='word_1_68' title='bbox 1099 1587 1284 1672; x_wconf 89' lang='lat' dir='ltr'><strong>Capellano</strong></span> <span class='ocrx_word' id='word_1_69' title='bbox 1309 1587 1428 1654; x_wconf 91' lang='lat' dir='ltr'><strong>thoma</strong></span> <span class='ocrx_word' id='word_1_70' title='bbox 1455 1588 1541 1654; x_wconf 91' lang='lat' dir='ltr'><strong>blair</strong></span> <span class='ocrx_word' id='word_1_71' title='bbox 1563 1587 1741 1672; x_wconf 87' lang='lat' dir='ltr'><strong>sergiando</strong></span> <span class='ocrx_word' id='word_1_72' title='bbox 1766 1596 1800 1652; x_wconf 90' lang='lat' dir='ltr'><strong>et</strong></span> <span class='ocrx_word' id='word_1_73' title='bbox 1825 1585 1986 1670; x_wconf 85' lang='lat' dir='ltr'>magistro</span> 
     </span>
     <span class='ocr_line' id='line_1_10' title="bbox 631 1690 1707 1776; baseline 0.002 -20"><span class='ocrx_word' id='word_1_74' title='bbox 631 1690 783 1758; x_wconf 82' lang='lat' dir='ltr'><strong>Iohanne</strong></span> <span class='ocrx_word' id='word_1_75' title='bbox 797 1691 994 1758; x_wconf 91' lang='lat' dir='ltr'><strong>nicholsone</strong></span> <span class='ocrx_word' id='word_1_76' title='bbox 1009 1692 1142 1758; x_wconf 91' lang='lat' dir='ltr'><strong>notario</strong></span> <span class='ocrx_word' id='word_1_77' title='bbox 1157 1691 1292 1776; x_wconf 90' lang='lat' dir='ltr'><strong>publico</strong></span> <span class='ocrx_word' id='word_1_78' title='bbox 1307 1713 1385 1758; x_wconf 90' lang='lat' dir='ltr'><strong>cum</strong></span> <span class='ocrx_word' id='word_1_79' title='bbox 1401 1692 1544 1759; x_wconf 84' lang='lat' dir='ltr'><strong>diuersis</strong></span> <span class='ocrx_word' id='word_1_80' title='bbox 1560 1691 1639 1776; x_wconf 89' lang='lat' dir='ltr'><strong>alijs</strong></span> <span class='ocrx_word' id='word_1_81' title='bbox 1653 1703 1707 1758; x_wconf 89' lang='lat' dir='ltr'><strong>etc</strong></span> 
     </span>
    </p>
   </div>
   <div class='ocr_carea' id='block_1_3' title="bbox 670 1813 1987 2272">
    <p class='ocr_par' dir='ltr' id='par_1_3' title="bbox 670 1813 1987 2272">
     <span class='ocr_line' id='line_1_11' title="bbox 679 1813 1987 1902; baseline -0.002 -22"><span class='ocrx_word' id='word_1_82' title='bbox 679 1857 704 1902; x_wconf 75' lang='lat'>0</span> <span class='ocrx_word' id='word_1_83' title='bbox 761 1815 836 1880; x_wconf 91' lang='lat' dir='ltr'><strong>Hec</strong></span> <span class='ocrx_word' id='word_1_84' title='bbox 867 1823 918 1881; x_wconf 88' lang='lat' dir='ltr'><strong>est</strong></span> <span class='ocrx_word' id='word_1_85' title='bbox 948 1835 1027 1881; x_wconf 90' lang='lat' dir='ltr'><strong>vera</strong></span> <span class='ocrx_word' id='word_1_86' title='bbox 1057 1814 1163 1899; x_wconf 90' lang='lat' dir='ltr'><strong>Copia</strong></span> <span class='ocrx_word' id='word_1_87' title='bbox 1193 1814 1390 1900; x_wconf 89' lang='lat' dir='ltr'><strong>principalis</strong></span> <span class='ocrx_word' id='word_1_88' title='bbox 1421 1825 1512 1882; x_wconf 92' lang='lat' dir='ltr'><strong>carte</strong></span> <span class='ocrx_word' id='word_1_89' title='bbox 1540 1813 1754 1881; x_wconf 79' lang='lat' dir='ltr'><strong>fundacionis</strong></span> <span class='ocrx_word' id='word_1_90' title='bbox 1784 1813 1927 1898; x_wconf 85' lang='lat' dir='ltr'><strong>Copiata</strong></span> <span class='ocrx_word' id='word_1_91' title='bbox 1953 1819 1987 1877; x_wconf 88' lang='lat' dir='ltr'><strong>et</strong></span> 
     </span>
     <span class='ocr_line' id='line_1_12' title="bbox 679 1903 1986 2006; baseline 0.002 -24"><span class='ocrx_word' id='word_1_92' title='bbox 679 1903 705 1982; x_wconf 57' lang='grc' dir='ltr'><em>ἒ</em></span> <span class='ocrx_word' id='word_1_93' title='bbox 759 1919 982 1986; x_wconf 87' lang='lat' dir='ltr'><strong>collacionata</strong></span> <span class='ocrx_word' id='word_1_94' title='bbox 998 1941 1057 2004; x_wconf 92' lang='lat' dir='ltr'><strong>per</strong></span> <span class='ocrx_word' id='word_1_95' title='bbox 1079 1941 1133 1986; x_wconf 89' lang='lat' dir='ltr'><strong>me</strong></span> <span class='ocrx_word' id='word_1_96' title='bbox 1151 1919 1354 2005; x_wconf 86' lang='lat' dir='ltr'>Magistrum</span> <span class='ocrx_word' id='word_1_97' title='bbox 1377 1921 1531 1988; x_wconf 87' lang='lat' dir='ltr'><strong>thomam</strong></span> <span class='ocrx_word' id='word_1_98' title='bbox 1553 1941 1665 2006; x_wconf 88' lang='lat' dir='ltr'>zoung</span> <span class='ocrx_word' id='word_1_99' title='bbox 1683 1919 1863 1987; x_wconf 86' lang='lat' dir='ltr'>Notarium</span> <span class='ocrx_word' id='word_1_100' title='bbox 1879 1917 1986 2006; x_wconf 91' lang='lat' dir='ltr'>publi·</span> 
     </span>
     <span class='ocr_line' id='line_1_13' title="bbox 670 1983 1985 2112; baseline 0 -22"><span class='ocrx_word' id='word_1_101' title='bbox 670 1983 697 2110; x_wconf 61' lang='grc' dir='ltr'><strong><em>ξ</em></strong></span> <span class='ocrx_word' id='word_1_102' title='bbox 759 2045 837 2090; x_wconf 90' lang='lat' dir='ltr'><strong>cum</strong></span> <span class='ocrx_word' id='word_1_103' title='bbox 853 2023 901 2089; x_wconf 90' lang='lat' dir='ltr'><strong>nil</strong></span> <span class='ocrx_word' id='word_1_104' title='bbox 916 2025 1070 2090; x_wconf 90' lang='lat' dir='ltr'><strong>addendo</strong></span> <span class='ocrx_word' id='word_1_105' title='bbox 1085 2045 1148 2090; x_wconf 90' lang='lat' dir='ltr'><strong>nec</strong></span> <span class='ocrx_word' id='word_1_106' title='bbox 1168 2023 1386 2092; x_wconf 91' lang='lat' dir='ltr'><strong>diminuendo</strong></span> <span class='ocrx_word' id='word_1_107' title='bbox 1408 2027 1497 2112; x_wconf 92' lang='lat' dir='ltr'><strong>quod</strong></span> <span class='ocrx_word' id='word_1_108' title='bbox 1519 2025 1599 2110; x_wconf 86' lang='lat' dir='ltr'><strong>iactj</strong></span> <span class='ocrx_word' id='word_1_109' title='bbox 1625 2023 1855 2091; x_wconf 83' lang='lat' dir='ltr'><strong>substanciam</strong></span> <span class='ocrx_word' id='word_1_110' title='bbox 1876 2032 1985 2090; x_wconf 88' lang='lat' dir='ltr'>mutet</span> 
     </span>
     <span class='ocr_line' id='line_1_14' title="bbox 672 2109 1986 2272; baseline 0.001 -78"><span class='ocrx_word' id='word_1_111' title='bbox 672 2109 705 2272; x_wconf 64' lang='grc' dir='ltr'><strong>ξ’</strong></span> <span class='ocrx_word' id='word_1_112' title='bbox 759 2130 818 2194; x_wconf 91' lang='lat' dir='ltr'><strong>sed</strong></span> <span class='ocrx_word' id='word_1_113' title='bbox 834 2129 1010 2214; x_wconf 88' lang='lat' dir='ltr'><strong>principali</strong></span> <span class='ocrx_word' id='word_1_114' title='bbox 1026 2128 1060 2194; x_wconf 92' lang='lat' dir='ltr'><strong>in</strong></span> <span class='ocrx_word' id='word_1_115' title='bbox 1076 2128 1233 2196; x_wconf 92' lang='lat' dir='ltr'>omnibus</span> <span class='ocrx_word' id='word_1_116' title='bbox 1248 2133 1458 2196; x_wconf 88' lang='lat' dir='ltr'><strong>concordans</strong></span> <span class='ocrx_word' id='word_1_117' title='bbox 1474 2132 1536 2197; x_wconf 90' lang='lat' dir='ltr'><strong>snb</strong></span> <span class='ocrx_word' id='word_1_118' title='bbox 1548 2129 1633 2196; x_wconf 91' lang='lat' dir='ltr'><strong>meis</strong></span> <span class='ocrx_word' id='word_1_119' title='bbox 1649 2129 1755 2215; x_wconf 90' lang='lat' dir='ltr'><strong>Signo</strong></span> <span class='ocrx_word' id='word_1_120' title='bbox 1770 2139 1803 2195; x_wconf 91' lang='lat' dir='ltr'><strong>et</strong></span> <span class='ocrx_word' id='word_1_121' title='bbox 1819 2129 1986 2214; x_wconf 88' lang='lat' dir='ltr'>subscrip·</span> 
     </span>
    </p>
   </div>
   <div class='ocr_carea' id='block_1_4' title="bbox 758 2233 1942 2446">
    <p class='ocr_par' dir='ltr' id='par_1_4' title="bbox 758 2233 1942 2446">
     <span class='ocr_line' id='line_1_15' title="bbox 758 2233 1766 2302; baseline 0 -2"><span class='ocrx_word' id='word_1_122' title='bbox 758 2233 855 2300; x_wconf 82' lang='lat' dir='ltr'><strong>tione</strong></span> <span class='ocrx_word' id='word_1_123' title='bbox 867 2233 1083 2301; x_wconf 89' lang='lat' dir='ltr'>manualibus</span> <span class='ocrx_word' id='word_1_124' title='bbox 1097 2233 1133 2300; x_wconf 90' lang='lat' dir='ltr'><strong>in</strong></span> <span class='ocrx_word' id='word_1_125' title='bbox 1149 2233 1381 2302; x_wconf 90' lang='lat' dir='ltr'>consimilibus</span> <span class='ocrx_word' id='word_1_126' title='bbox 1396 2233 1567 2302; x_wconf 88' lang='lat' dir='ltr'><strong>consuetis</strong></span> <span class='ocrx_word' id='word_1_127' title='bbox 1582 2245 1615 2301; x_wconf 89' lang='lat' dir='ltr'><strong>et</strong></span> <span class='ocrx_word' id='word_1_128' title='bbox 1630 2233 1766 2301; x_wconf 88' lang='lat' dir='ltr'>vsitatis</span> 
     </span>
     <span class='ocr_line' id='line_1_16' title="bbox 847 2355 1942 2446; baseline 0.001 -23"><span class='ocrx_word' id='word_1_129' title='bbox 847 2359 901 2424; x_wconf 93' lang='lat' dir='ltr'><strong>Ita</strong></span> <span class='ocrx_word' id='word_1_130' title='bbox 916 2367 968 2423; x_wconf 91' lang='lat' dir='ltr'><strong>est</strong></span> <span class='ocrx_word' id='word_1_131' title='bbox 984 2357 1119 2425; x_wconf 89' lang='lat' dir='ltr'><strong>thomas</strong></span> <span class='ocrx_word' id='word_1_132' title='bbox 1134 2359 1255 2446; x_wconf 89' lang='lat' dir='ltr'>Zoung</span> <span class='ocrx_word' id='word_1_133' title='bbox 1271 2358 1433 2426; x_wconf 88' lang='lat' dir='ltr'><strong>Notarius</strong></span> <span class='ocrx_word' id='word_1_134' title='bbox 1448 2360 1491 2426; x_wconf 90' lang='lat' dir='ltr'><strong>ad</strong></span> <span class='ocrx_word' id='word_1_135' title='bbox 1507 2357 1672 2443; x_wconf 89' lang='lat' dir='ltr'><strong>premissa</strong></span> <span class='ocrx_word' id='word_1_136' title='bbox 1688 2359 1794 2426; x_wconf 89' lang='lat' dir='ltr'><strong>Manu</strong></span> <span class='ocrx_word' id='word_1_137' title='bbox 1809 2355 1942 2444; x_wconf 87' lang='lat' dir='ltr'><strong>propria</strong></span> 
     </span>
    </p>
   </div>
   <div class='ocr_carea' id='block_1_5' title="bbox 802 2479 1961 3730">
    <p class='ocr_par' dir='ltr' id='par_1_5' title="bbox 803 2479 1961 2676">
     <span class='ocr_line' id='line_1_17' title="bbox 804 2479 1961 2570; baseline -0.001 -22"><span class='ocrx_word' id='word_1_138' title='bbox 804 2481 968 2568; x_wconf 80' lang='lat' dir='ltr'>Magister</span> <span class='ocrx_word' id='word_1_139' title='bbox 982 2481 1119 2550; x_wconf 90' lang='lat' dir='ltr'><strong>thomas</strong></span> <span class='ocrx_word' id='word_1_140' title='bbox 1134 2483 1303 2551; x_wconf 88' lang='lat' dir='ltr'><strong>chawmer</strong></span> <span class='ocrx_word' id='word_1_141' title='bbox 1318 2493 1455 2550; x_wconf 88' lang='lat' dir='ltr'>curatus</span> <span class='ocrx_word' id='word_1_142' title='bbox 1470 2485 1511 2551; x_wconf 87' lang='lat' dir='ltr'><strong>de</strong></span> <span class='ocrx_word' id='word_1_143' title='bbox 1526 2482 1693 2552; x_wconf 89' lang='lat' dir='ltr'><strong>Abirdene</strong></span> <span class='ocrx_word' id='word_1_144' title='bbox 1708 2503 1812 2550; x_wconf 88' lang='lat' dir='ltr'>manu</span> <span class='ocrx_word' id='word_1_145' title='bbox 1828 2479 1961 2570; x_wconf 87' lang='lat' dir='ltr'><strong>propria</strong></span> 
     </span>
     <span class='ocr_line' id='line_1_18' title="bbox 803 2587 1490 2676; baseline 0.007 -24"><span class='ocrx_word' id='word_1_146' title='bbox 803 2587 961 2656; x_wconf 84' lang='lat' dir='ltr'><strong>domiuus</strong></span> <span class='ocrx_word' id='word_1_147' title='bbox 976 2589 1078 2656; x_wconf 91' lang='lat' dir='ltr'><strong>dauid</strong></span> <span class='ocrx_word' id='word_1_148' title='bbox 1093 2591 1222 2658; x_wconf 89' lang='lat' dir='ltr'><strong>Wauss</strong></span> <span class='ocrx_word' id='word_1_149' title='bbox 1237 2611 1341 2657; x_wconf 92' lang='lat' dir='ltr'>manu</span> <span class='ocrx_word' id='word_1_150' title='bbox 1356 2589 1490 2676; x_wconf 89' lang='lat' dir='ltr'><strong>propria</strong></span> 
     </span>
    </p>

    <p class='ocr_par' dir='ltr' id='par_1_6' title="bbox 802 2692 1487 2782">
     <span class='ocr_line' id='line_1_19' title="bbox 802 2692 1487 2782; baseline 0.003 -22"><span class='ocrx_word' id='word_1_151' title='bbox 802 2692 959 2760; x_wconf 90' lang='lat' dir='ltr'><strong>dominus</strong></span> <span class='ocrx_word' id='word_1_152' title='bbox 976 2693 1147 2761; x_wconf 87' lang='lat' dir='ltr'><strong>Iohannes</strong></span> <span class='ocrx_word' id='word_1_153' title='bbox 1161 2695 1224 2782; x_wconf 81' lang='lat' dir='ltr'><strong>tyn</strong></span> <span class='ocrx_word' id='word_1_154' title='bbox 1234 2717 1338 2762; x_wconf 89' lang='lat' dir='ltr'>manu</span> <span class='ocrx_word' id='word_1_155' title='bbox 1353 2695 1487 2780; x_wconf 88' lang='lat' dir='ltr'><strong>propria</strong></span> 
     </span>
    </p>

    <p class='ocr_par' dir='ltr' id='par_1_7' title="bbox 803 2795 1739 3096">
     <span class='ocr_line' id='line_1_20' title="bbox 803 2795 1728 2885; baseline 0.004 -23"><span class='ocrx_word' id='word_1_156' title='bbox 803 2795 961 2866; x_wconf 89' lang='lat' dir='ltr'><strong>dominus</strong></span> <span class='ocrx_word' id='word_1_157' title='bbox 976 2798 1172 2866; x_wconf 91' lang='lat' dir='ltr'><strong>Willelmus</strong></span> <span class='ocrx_word' id='word_1_158' title='bbox 1188 2801 1322 2885; x_wconf 88' lang='lat' dir='ltr'><strong>Couper</strong></span> <span class='ocrx_word' id='word_1_159' title='bbox 1336 2801 1379 2867; x_wconf 90' lang='lat' dir='ltr'><strong>ad</strong></span> <span class='ocrx_word' id='word_1_160' title='bbox 1394 2799 1457 2866; x_wconf 92' lang='lat' dir='ltr'><strong>hec</strong></span> <span class='ocrx_word' id='word_1_161' title='bbox 1473 2820 1577 2866; x_wconf 92' lang='lat' dir='ltr'>manu</span> <span class='ocrx_word' id='word_1_162' title='bbox 1592 2797 1728 2885; x_wconf 90' lang='lat' dir='ltr'><strong>propria</strong></span> 
     </span>
     <span class='ocr_line' id='line_1_21' title="bbox 804 2901 1739 2990; baseline 0.005 -23"><span class='ocrx_word' id='word_1_163' title='bbox 804 2901 961 2970; x_wconf 89' lang='lat' dir='ltr'><strong>dominus</strong></span> <span class='ocrx_word' id='word_1_164' title='bbox 976 2903 1172 2972; x_wconf 89' lang='lat' dir='ltr'><strong>Willelmus</strong></span> <span class='ocrx_word' id='word_1_165' title='bbox 1187 2904 1328 2990; x_wconf 87' lang='lat' dir='ltr'><strong>philippj</strong></span> <span class='ocrx_word' id='word_1_166' title='bbox 1347 2906 1390 2971; x_wconf 92' lang='lat' dir='ltr'><strong>ad</strong></span> <span class='ocrx_word' id='word_1_167' title='bbox 1406 2904 1468 2970; x_wconf 93' lang='lat' dir='ltr'><strong>hec</strong></span> <span class='ocrx_word' id='word_1_168' title='bbox 1484 2925 1588 2971; x_wconf 90' lang='lat' dir='ltr'>manu</span> <span class='ocrx_word' id='word_1_169' title='bbox 1604 2903 1739 2990; x_wconf 90' lang='lat' dir='ltr'><strong>propria</strong></span> 
     </span>
     <span class='ocr_line' id='line_1_22' title="bbox 803 3007 1498 3096; baseline 0.004 -22"><span class='ocrx_word' id='word_1_170' title='bbox 803 3007 960 3074; x_wconf 92' lang='lat' dir='ltr'><strong>dominus</strong></span> <span class='ocrx_word' id='word_1_171' title='bbox 975 3009 1077 3077; x_wconf 92' lang='lat' dir='ltr'><strong>dauid</strong></span> <span class='ocrx_word' id='word_1_172' title='bbox 1093 3009 1229 3076; x_wconf 92' lang='lat' dir='ltr'><strong>lorimer</strong></span> <span class='ocrx_word' id='word_1_173' title='bbox 1244 3031 1348 3076; x_wconf 89' lang='lat' dir='ltr'>manu</span> <span class='ocrx_word' id='word_1_174' title='bbox 1363 3009 1498 3096; x_wconf 89' lang='lat' dir='ltr'><strong>propria</strong></span> 
     </span>
    </p>

    <p class='ocr_par' dir='ltr' id='par_1_8' title="bbox 803 3113 1637 3202">
     <span class='ocr_line' id='line_1_23' title="bbox 803 3113 1637 3202; baseline 0.006 -25"><span class='ocrx_word' id='word_1_175' title='bbox 803 3113 961 3180; x_wconf 93' lang='lat' dir='ltr'><strong>dominus</strong></span> <span class='ocrx_word' id='word_1_176' title='bbox 976 3113 1156 3182; x_wconf 87' lang='lat' dir='ltr'><strong>alexander</strong></span> <span class='ocrx_word' id='word_1_177' title='bbox 1171 3115 1366 3182; x_wconf 87' lang='lat' dir='ltr'><strong>robertsone</strong></span> <span class='ocrx_word' id='word_1_178' title='bbox 1382 3137 1486 3182; x_wconf 91' lang='lat' dir='ltr'>manu</span> <span class='ocrx_word' id='word_1_179' title='bbox 1501 3114 1637 3202; x_wconf 87' lang='lat' dir='ltr'><strong>propria</strong></span> 
     </span>
    </p>

    <p class='ocr_par' dir='ltr' id='par_1_9' title="bbox 803 3219 1765 3623">
     <span class='ocr_line' id='line_1_24' title="bbox 804 3219 1765 3306; baseline 0.004 -22"><span class='ocrx_word' id='word_1_180' title='bbox 804 3219 858 3285; x_wconf 88' lang='lat' dir='ltr'><strong>Ita</strong></span> <span class='ocrx_word' id='word_1_181' title='bbox 874 3227 925 3284; x_wconf 91' lang='lat' dir='ltr'><strong>est</strong></span> <span class='ocrx_word' id='word_1_182' title='bbox 942 3219 1104 3306; x_wconf 89' lang='lat' dir='ltr'><strong>magister</strong></span> <span class='ocrx_word' id='word_1_183' title='bbox 1119 3221 1314 3289; x_wconf 90' lang='lat' dir='ltr'><strong>Willelmus</strong></span> <span class='ocrx_word' id='word_1_184' title='bbox 1330 3221 1495 3288; x_wconf 88' lang='lat' dir='ltr'><strong>meldrum</strong></span> <span class='ocrx_word' id='word_1_185' title='bbox 1512 3242 1616 3288; x_wconf 90' lang='lat' dir='ltr'>manu</span> <span class='ocrx_word' id='word_1_186' title='bbox 1630 3219 1765 3306; x_wconf 90' lang='lat' dir='ltr'><strong>propria</strong></span> 
     </span>
     <span class='ocr_line' id='line_1_25' title="bbox 803 3321 1642 3410; baseline 0.005 -22"><span class='ocrx_word' id='word_1_187' title='bbox 803 3321 960 3388; x_wconf 90' lang='lat' dir='ltr'><strong>dominus</strong></span> <span class='ocrx_word' id='word_1_188' title='bbox 975 3323 1168 3391; x_wconf 87' lang='lat' dir='ltr'><strong>allexander</strong></span> <span class='ocrx_word' id='word_1_189' title='bbox 1183 3327 1372 3392; x_wconf 87' lang='lat' dir='ltr'><strong>andersoun</strong></span> <span class='ocrx_word' id='word_1_190' title='bbox 1389 3347 1493 3398; x_wconf 88' lang='lat' dir='ltr'>manu</span> <span class='ocrx_word' id='word_1_191' title='bbox 1507 3323 1642 3410; x_wconf 87' lang='lat' dir='ltr'><strong>propria</strong></span> 
     </span>
     <span class='ocr_line' id='line_1_26' title="bbox 805 3417 1646 3522; baseline 0.004 -25"><span class='ocrx_word' id='word_1_192' title='bbox 805 3429 963 3497; x_wconf 90' lang='lat' dir='ltr'><strong>dominus</strong></span> <span class='ocrx_word' id='word_1_193' title='bbox 979 3431 1149 3499; x_wconf 86' lang='lat' dir='ltr'><strong>Iohannes</strong></span> <span class='ocrx_word' id='word_1_194' title='bbox 1165 3433 1375 3520; x_wconf 89' lang='lat' dir='ltr'><strong>goldsmytht</strong></span> <span class='ocrx_word' id='word_1_195' title='bbox 1392 3455 1495 3500; x_wconf 89' lang='lat' dir='ltr'>manu</span> <span class='ocrx_word' id='word_1_196' title='bbox 1502 3417 1646 3522; x_wconf 70' lang='lat' dir='ltr'><strong>&#39;propria</strong></span> 
     </span>
     <span class='ocr_line' id='line_1_27' title="bbox 805 3533 1547 3623; baseline 0.009 -24"><span class='ocrx_word' id='word_1_197' title='bbox 805 3533 963 3601; x_wconf 91' lang='lat' dir='ltr'><strong>dominus</strong></span> <span class='ocrx_word' id='word_1_198' title='bbox 979 3536 1151 3604; x_wconf 90' lang='lat' dir='ltr'><strong>Iohannes</strong></span> <span class='ocrx_word' id='word_1_199' title='bbox 1166 3539 1277 3606; x_wconf 88' lang='lat' dir='ltr'><strong>Waus</strong></span> <span class='ocrx_word' id='word_1_200' title='bbox 1292 3559 1396 3606; x_wconf 92' lang='lat' dir='ltr'>manu</span> <span class='ocrx_word' id='word_1_201' title='bbox 1412 3537 1547 3623; x_wconf 88' lang='lat' dir='ltr'><strong>propria</strong></span> 
     </span>
    </p>

    <p class='ocr_par' dir='ltr' id='par_1_10' title="bbox 806 3638 1536 3730">
     <span class='ocr_line' id='line_1_28' title="bbox 806 3638 1536 3730; baseline 0.008 -24"><span class='ocrx_word' id='word_1_202' title='bbox 806 3638 964 3707; x_wconf 89' lang='lat' dir='ltr'><strong>dominus</strong></span> <span class='ocrx_word' id='word_1_203' title='bbox 979 3643 1123 3710; x_wconf 89' lang='lat' dir='ltr'><strong>andreas</strong></span> <span class='ocrx_word' id='word_1_204' title='bbox 1138 3643 1267 3710; x_wconf 90' lang='lat' dir='ltr'><strong>Wauss</strong></span> <span class='ocrx_word' id='word_1_205' title='bbox 1282 3665 1386 3710; x_wconf 90' lang='lat' dir='ltr'>manu</span> <span class='ocrx_word' id='word_1_206' title='bbox 1401 3643 1536 3730; x_wconf 88' lang='lat' dir='ltr'><strong>propria</strong></span> 
     </span>
    </p>
   </div>
   <div class='ocr_carea' id='block_1_6' title="bbox 1076 3783 1548 3871">
    <p class='ocr_par' dir='ltr' id='par_1_11' title="bbox 1076 3783 1548 3871">
     <span class='ocr_line' id='line_1_29' title="bbox 1076 3783 1548 3871; baseline 0.002 -22"><span class='ocrx_word' id='word_1_207' title='bbox 1076 3784 1098 3849; x_wconf 93' lang='lat' dir='ltr'><strong>I</strong></span> <span class='ocrx_word' id='word_1_208' title='bbox 1097 3805 1120 3849; x_wconf 82' lang='lat' dir='ltr'>n</span> <span class='ocrx_word' id='word_1_209' title='bbox 1126 3783 1210 3870; x_wconf 79' lang='lat' dir='ltr'><strong>solio</strong></span> <span class='ocrx_word' id='word_1_210' title='bbox 1224 3784 1266 3869; x_wconf 89' lang='lat'><strong>69</strong></span> <span class='ocrx_word' id='word_1_211' title='bbox 1276 3783 1289 3824; x_wconf 85' lang='lat'>²</span> <span class='ocrx_word' id='word_1_212' title='bbox 1301 3783 1386 3850; x_wconf 75' lang='lat' dir='ltr'><strong>nihil</strong></span> <span class='ocrx_word' id='word_1_213' title='bbox 1398 3785 1548 3871; x_wconf 76' lang='lat' dir='ltr'><strong>son&#39;ptum</strong></span> 
     </span>
    </p>
   </div>
   <div class='ocr_carea' id='block_1_7' title="bbox 1252 3957 1385 4026">
    <p class='ocr_par' dir='ltr' id='par_1_12' title="bbox 1252 3957 1385 4026">
     <span class='ocr_line' id='line_1_30' title="bbox 1252 3957 1385 4026; baseline 0 -2"><span class='ocrx_word' id='word_1_214' title='bbox 1252 3957 1385 4026; x_wconf 86' lang='lat' dir='ltr'><strong>XCIII.</strong></span> 
     </span>
    </p>
   </div>
   <div class='ocr_carea' id='block_1_8' title="bbox 413 4091 1993 4596">
    <p class='ocr_par' dir='ltr' id='par_1_13' title="bbox 413 4091 1993 4596">
     <span class='ocr_line' id='line_1_31' title="bbox 413 4091 1991 4162; baseline 0.004 -11"><span class='ocrx_word' id='word_1_215' title='bbox 413 4097 519 4154; x_wconf 59' lang='lat' dir='ltr'><strong>toton·</strong></span> <span class='ocrx_word' id='word_1_216' title='bbox 733 4091 920 4158; x_wconf 88' lang='lat' dir='ltr'><strong>MNIBUS</strong></span> <span class='ocrx_word' id='word_1_217' title='bbox 968 4092 1218 4162; x_wconf 88' lang='lat' dir='ltr'><strong>cristifidelibus</strong></span> <span class='ocrx_word' id='word_1_218' title='bbox 1259 4095 1348 4162; x_wconf 86' lang='lat' dir='ltr'><strong>hanc</strong></span> <span class='ocrx_word' id='word_1_219' title='bbox 1395 4104 1525 4162; x_wconf 75' lang='lat' dir='ltr'><strong>cartam</strong></span> <span class='ocrx_word' id='word_1_220' title='bbox 1565 4093 1688 4162; x_wconf 87' lang='lat' dir='ltr'>visuris</span> <span class='ocrx_word' id='word_1_221' title='bbox 1725 4093 1779 4159; x_wconf 90' lang='lat' dir='ltr'><strong>vel</strong></span> <span class='ocrx_word' id='word_1_222' title='bbox 1815 4091 1991 4160; x_wconf 86' lang='lat' dir='ltr'>Audituris</span> 
     </span>
     <span class='ocr_line' id='line_1_32' title="bbox 414 4193 1993 4294; baseline 0.003 -35"><span class='ocrx_word' id='word_1_223' title='bbox 414 4214 545 4294; x_wconf 51' lang='lat' dir='ltr'><strong>nunqua</strong></span> <span class='ocrx_word' id='word_1_224' title='bbox 557 4217 613 4269; x_wconf 60' lang='lat' dir='ltr'><strong>llo„</strong></span> <span class='ocrx_word' id='word_1_225' title='bbox 773 4193 935 4279; x_wconf 86' lang='lat' dir='ltr'><strong>magister</strong></span> <span class='ocrx_word' id='word_1_226' title='bbox 967 4196 1104 4263; x_wconf 88' lang='lat' dir='ltr'><strong>thomas</strong></span> <span class='ocrx_word' id='word_1_227' title='bbox 1133 4199 1262 4266; x_wconf 85' lang='lat' dir='ltr'><strong>Wauss</strong></span> <span class='ocrx_word' id='word_1_228' title='bbox 1291 4210 1468 4283; x_wconf 87' lang='lat' dir='ltr'><strong>precentor</strong></span> <span class='ocrx_word' id='word_1_229' title='bbox 1497 4197 1719 4266; x_wconf 84' lang='lat' dir='ltr'><strong>morauiensis</strong></span> <span class='ocrx_word' id='word_1_230' title='bbox 1744 4219 1784 4268; x_wconf 87' lang='lat' dir='ltr'><strong>ac</strong></span> <span class='ocrx_word' id='word_1_231' title='bbox 1810 4197 1993 4264; x_wconf 81' lang='lat' dir='ltr'><strong>canonicus</strong></span> 
     </span>
     <span class='ocr_line' id='line_1_33' title="bbox 441 4281 1992 4413; baseline 0.005 -52"><span class='ocrx_word' id='word_1_232' title='bbox 441 4281 586 4413; x_wconf 49' lang='grc' dir='ltr'><strong>’3.ᾛὲ</strong></span> <span class='ocrx_word' id='word_1_233' title='bbox 635 4296 869 4365; x_wconf 89' lang='lat' dir='ltr'><strong>abirdonensis</strong></span> <span class='ocrx_word' id='word_1_234' title='bbox 896 4301 1041 4368; x_wconf 86' lang='lat' dir='ltr'><strong>salutem</strong></span> <span class='ocrx_word' id='word_1_235' title='bbox 1069 4304 1110 4368; x_wconf 91' lang='lat' dir='ltr'><strong>In</strong></span> <span class='ocrx_word' id='word_1_236' title='bbox 1136 4303 1273 4370; x_wconf 92' lang='lat' dir='ltr'><strong>domino</strong></span> <span class='ocrx_word' id='word_1_237' title='bbox 1303 4305 1544 4390; x_wconf 89' lang='lat' dir='ltr'><strong>sempiternam</strong></span> <span class='ocrx_word' id='word_1_238' title='bbox 1572 4303 1746 4371; x_wconf 89' lang='lat' dir='ltr'><strong>Noueritis</strong></span> <span class='ocrx_word' id='word_1_239' title='bbox 1771 4323 1826 4370; x_wconf 86' lang='lat' dir='ltr'><strong>me</strong></span> <span class='ocrx_word' id='word_1_240' title='bbox 1851 4303 1887 4368; x_wconf 93' lang='lat' dir='ltr'><strong>in</strong></span> <span class='ocrx_word' id='word_1_241' title='bbox 1913 4323 1992 4387; x_wconf 90' lang='lat' dir='ltr'>aug-</span> 
     </span>
     <span class='ocr_line' id='line_1_34' title="bbox 414 4405 1993 4492; baseline 0.008 -30"><span class='ocrx_word' id='word_1_242' title='bbox 414 4411 495 4490; x_wconf 65' lang='lat' dir='ltr'><strong>urare</strong></span> <span class='ocrx_word' id='word_1_243' title='bbox 507 4412 596 4492; x_wconf 66' lang='lat' dir='ltr'><strong>§meti</strong></span> <span class='ocrx_word' id='word_1_244' title='bbox 637 4411 790 4469; x_wconf 88' lang='lat' dir='ltr'>mentum</span> <span class='ocrx_word' id='word_1_245' title='bbox 813 4405 925 4472; x_wconf 87' lang='lat' dir='ltr'>cultus</span> <span class='ocrx_word' id='word_1_246' title='bbox 947 4405 1051 4492; x_wconf 92' lang='lat' dir='ltr'><strong>diuinj</strong></span> <span class='ocrx_word' id='word_1_247' title='bbox 1076 4417 1110 4474; x_wconf 88' lang='lat' dir='ltr'><strong>et</strong></span> <span class='ocrx_word' id='word_1_248' title='bbox 1133 4429 1193 4492; x_wconf 89' lang='lat' dir='ltr'><strong>pro</strong></span> <span class='ocrx_word' id='word_1_249' title='bbox 1213 4410 1323 4476; x_wconf 90' lang='lat' dir='ltr'><strong>salute</strong></span> <span class='ocrx_word' id='word_1_250' title='bbox 1346 4410 1459 4476; x_wconf 91' lang='lat' dir='ltr'><strong>anime</strong></span> <span class='ocrx_word' id='word_1_251' title='bbox 1482 4431 1556 4476; x_wconf 89' lang='lat' dir='ltr'><strong>mee</strong></span> <span class='ocrx_word' id='word_1_252' title='bbox 1578 4420 1613 4476; x_wconf 91' lang='lat' dir='ltr'><strong>et</strong></span> <span class='ocrx_word' id='word_1_253' title='bbox 1638 4409 1830 4477; x_wconf 85' lang='lat' dir='ltr'><strong>animarum</strong></span> <span class='ocrx_word' id='word_1_254' title='bbox 1854 4408 1993 4475; x_wconf 91' lang='lat' dir='ltr'><strong>Ioannis</strong></span> 
     </span>
     <span class='ocr_line' id='line_1_35' title="bbox 414 4485 1992 4596; baseline 0.004 -23"><span class='ocrx_word' id='word_1_255' title='bbox 414 4485 516 4543; x_wconf 58' lang='lat' dir='ltr'><strong>mmm</strong></span> <span class='ocrx_word' id='word_1_256' title='bbox 637 4507 766 4574; x_wconf 88' lang='lat' dir='ltr'><strong>Wauss</strong></span> <span class='ocrx_word' id='word_1_257' title='bbox 793 4509 904 4577; x_wconf 89' lang='lat' dir='ltr'><strong>Patris</strong></span> <span class='ocrx_word' id='word_1_258' title='bbox 928 4511 993 4596; x_wconf 93' lang='lat' dir='ltr'><strong>mej</strong></span> <span class='ocrx_word' id='word_1_259' title='bbox 1021 4523 1055 4579; x_wconf 91' lang='lat' dir='ltr'><strong>et</strong></span> <span class='ocrx_word' id='word_1_260' title='bbox 1080 4514 1242 4582; x_wconf 87' lang='lat' dir='ltr'><strong>marioree</strong></span> <span class='ocrx_word' id='word_1_261' title='bbox 1268 4517 1398 4584; x_wconf 85' lang='lat' dir='ltr'><strong>Wauss</strong></span> <span class='ocrx_word' id='word_1_262' title='bbox 1423 4515 1543 4582; x_wconf 88' lang='lat' dir='ltr'>matris</span> <span class='ocrx_word' id='word_1_263' title='bbox 1570 4537 1644 4582; x_wconf 90' lang='lat' dir='ltr'><strong>mee</strong></span> <span class='ocrx_word' id='word_1_264' title='bbox 1669 4515 1813 4582; x_wconf 87' lang='lat' dir='ltr'>fratrum</span> <span class='ocrx_word' id='word_1_265' title='bbox 1840 4533 1992 4580; x_wconf 88' lang='lat' dir='ltr'><strong>sororum</strong></span> 
     </span>
    </p>
   </div>
   <div class='ocr_carea' id='block_1_9' title="bbox 636 4615 1994 4701">
    <p class='ocr_par' dir='ltr' id='par_1_14' title="bbox 636 4615 1994 4701">
     <span class='ocr_line' id='line_1_36' title="bbox 636 4615 1994 4701; baseline 0.004 -21"><span class='ocrx_word' id='word_1_266' title='bbox 636 4615 963 4701; x_wconf 81' lang='lat' dir='ltr'><strong>consanguineorum</strong></span> <span class='ocrx_word' id='word_1_267' title='bbox 994 4639 1145 4688; x_wconf 87' lang='lat' dir='ltr'><strong>meorum</strong></span> <span class='ocrx_word' id='word_1_268' title='bbox 1176 4631 1210 4688; x_wconf 89' lang='lat' dir='ltr'><strong>ct</strong></span> <span class='ocrx_word' id='word_1_269' title='bbox 1236 4621 1388 4689; x_wconf 87' lang='lat' dir='ltr'>omnium</span> <span class='ocrx_word' id='word_1_270' title='bbox 1418 4621 1568 4689; x_wconf 87' lang='lat' dir='ltr'><strong>fidelium</strong></span> <span class='ocrx_word' id='word_1_271' title='bbox 1598 4621 1832 4688; x_wconf 85' lang='lat' dir='ltr'><strong>defunctorum</strong></span> <span class='ocrx_word' id='word_1_272' title='bbox 1862 4617 1994 4686; x_wconf 82' lang='lat' dir='ltr'><strong>dedisse</strong></span> 
     </span>
    </p>
   </div>
   <div class='ocr_carea' id='block_1_10' title="bbox 0 0 2237 5984">
    <p class='ocr_par' dir='ltr' id='par_1_15' title="bbox 0 0 2237 5984">
     <span class='ocr_line' id='line_1_37' title="bbox 0 0 2237 5984; baseline 0 0"><span class='ocrx_word' id='word_1_273' title='bbox 0 0 2237 5984; x_wconf 95' lang='lat' dir='ltr'><strong> </strong></span> 
     </span>
    </p>
   </div>
  </div>
 </body>
</html>
