4460 5984
738 545 743 580 l

668 695 769 764 Carta
790 693 944 762 Nioholai
966 693 1092 762 ὀψίαν

814 977 942 1044 XCIX.
1031 1025 1037 1034 .

284 1121 471 1188 MNIBUS
498 1119 586 1188 hanc
612 1123 750 1191 Cartam
777 1123 900 1190 visuris
926 1123 978 1189 vel
1003 1121 1168 1190 audituris
1195 1120 1395 1189 Nicholaius
1421 1123 1558 1190 baxstar
1580 1129 1685 1186 sot.75¹

325 1225 501 1310 burgensis
521 1227 562 1293 de
585 1227 752 1294 Abirdene
776 1229 940 1296 Etemam
964 1229 998 1294 in
1022 1227 1159 1294 domino
1183 1227 1328 1294 salutem
1351 1226 1455 1293 futuri
1475 1227 1557 1294 leta·

153 1407 155 1416 Ι
198 1327 301 1395 bundi
325 1329 460 1414 quidem
482 1329 549 1398 hiis
572 1332 629 1417 qui
651 1336 740 1401 bona
763 1331 797 1398 in
820 1333 890 1401 vita
913 1354 975 1400 sua
998 1341 1138 1419 egerunt
1161 1342 1194 1400 et
1218 1332 1308 1417 pleni
1331 1331 1501 1397 anxietate
1524 1341 1557 1397 et

197 1431 341 1500 tristicia
371 1435 691 1504 contrafacientibus
728 1437 967 1524 perpetualiter
993 1437 1145 1504 duraturi
1174 1435 1293 1502 volens
1326 1434 1430 1521 igitur
1467 1434 1557 1501 diem

200 1537 340 1624 extremi
368 1539 487 1627 Iudicij
516 1543 673 1628 operibus
700 1543 928 1612 misericordie
953 1543 1129 1628 peruenire
1152 1553 1189 1609 ut
1213 1541 1380 1608 seminata
1403 1540 1437 1605 in
1460 1539 1559 1606 terris

199 1641 378 1728 multiplici
389 1643 500 1712 fructu
514 1645 670 1731 colligere
682 1645 857 1714 valeamus
869 1645 903 1711 in
915 1645 998 1712 celis
1008 1647 1097 1712 vnde
1108 1643 1271 1712 noueritis
1282 1665 1337 1710 me
1349 1641 1384 1708 in
1396 1641 1558 1709 honorem

198 1743 252 1810 dei
290 1745 532 1830 omnipotentis
569 1747 768 1816 intemerate
806 1749 958 1816 eiusdem
994 1746 1167 1834 genitricis
1202 1745 1306 1814 marie
1340 1741 1559 1828 omniumque

198 1847 374 1914 celestium
391 1847 526 1917 Ciuium
542 1871 603 1935 pro
624 1849 733 1920 salute
750 1851 861 1917 anime
878 1871 952 1918 mee
967 1849 1080 1916 anime
1100 1849 1233 1934 agnetis
1253 1848 1433 1914 howesone
1448 1843 1560 1912 vxoris

199 1969 272 2014 mec
288 1949 432 2036 prolium
448 1962 642 2019 nostrarum
658 1963 838 2039 parentum
851 1962 884 2018 et
901 1951 1152 2019 benefactorum
1168 1961 1360 2018 nostrorum
1376 1967 1560 2032 eorumque
1673 1947 1681 1964 “

198 2051 350 2119 omnium
366 2074 386 2119 a
402 2053 523 2139 quibus
539 2055 653 2141 aliqua
672 2057 759 2123 bona
778 2055 891 2122 minus
914 2054 1003 2122 iuste
1025 2052 1206 2121 habuimus
1221 2073 1353 2119 necnon
1369 2049 1559 2118 animarum

199 2154 350 2220 omniurn
367 2155 516 2224 fidelium
529 2157 663 2224 dedisse
678 2157 888 2224 concessisse
903 2157 938 2226 in
951 2177 1070 2243 puram
1087 2167 1121 2224 et
1137 2165 1333 2242 perpetuam
1346 2151 1559 2222 elimosinam

198 2266 232 2324 et
245 2255 310 2324 hac
325 2269 482 2347 presente
498 2270 592 2326 carta
608 2283 685 2328 mea
706 2261 925 2327 confirmasse
949 2259 1106 2326 Prouidis
1125 2267 1159 2324 et
1175 2257 1331 2325 discretis
1345 2255 1427 2324 viris
1442 2265 1560 2322 curato

201 2369 234 2426 et
259 2361 445 2446 capellanis
467 2361 561 2429 chori
585 2361 727 2430 ecclesie
749 2361 969 2448 parrochialis
991 2361 1060 2430 diui
1086 2359 1255 2446 Nicholaij
1280 2360 1321 2427 de
1345 2359 1504 2428 abirdene
1526 2371 1559 2427 et

202 2482 318 2528 eorum
349 2463 601 2531 successoribus
633 2465 887 2552 imperpetuum
913 2463 1038 2530 Totam
1065 2473 1099 2530 et
1125 2461 1292 2548 integram
1319 2461 1412 2529 illam
1436 2472 1560 2530 terram

199 2583 310 2630 meam
327 2586 404 2631 curn
425 2565 642 2652 pertinenciis
659 2569 832 2634 Iacentem
848 2565 936 2634 infra
947 2565 1075 2633 dictum
1092 2566 1235 2652 burgum
1251 2565 1286 2632 in
1301 2563 1376 2632 vico
1390 2565 1561 2634 furcarum

199 2689 239 2734 ex
255 2667 455 2738 occidentali
478 2679 575 2756 parte
598 2666 748 2737 eiusdem
772 2667 861 2737 inter
883 2679 1007 2736 terram
1030 2669 1192 2736 heredum
1211 2669 1381 2753 quondam
1399 2667 1562 2735 Iohannis

199 2791 336 2858 murray
362 2793 402 2838 ex
429 2771 569 2839 australi
594 2792 635 2837 ex
655 2793 722 2839 vna
748 2781 872 2841 terram
897 2771 1013 2838 thome
1038 2769 1124 2876 blak.
1137 2791 1179 2836 ex
1199 2769 1324 2836 boreali
1345 2769 1498 2856 partibus
1517 2771 1560 2838 ab

200 2871 306 2940 altera
331 2882 364 2939 et
389 2894 588 2940 communes
611 2871 685 2939 vias
711 2871 821 2958 regias
847 2894 966 2940 versus
988 2871 1101 2938 oriens
1124 2883 1156 2938 et
1180 2871 1338 2969 occidens
1360 2872 1559 2940 Tenendam

199 2984 232 3042 et
249 2975 440 3042 habendam
456 2985 565 3042 totam
581 2985 614 3042 et
631 2975 798 3060 integram
814 2975 940 3044 dictam
956 2985 1082 3042 terram
1095 2997 1172 3041 cum
1189 2967 1406 3060 pertinenciis
1421 2974 1561 3060 prelatis

199 3087 316 3144 curato
333 3088 366 3145 et
382 3077 568 3164 capellanis
590 3088 624 3146 et
647 3099 764 3145 eorum
780 3078 1011 3146 sucessoribus
1034 3078 1220 3166 capellanis
1243 3075 1324 3144 dicti
1347 3077 1440 3144 chori
1464 3099 1485 3144 a
1505 3099 1560 3145 me

200 3179 379 3248 heredibus
403 3191 437 3246 et
464 3177 648 3266 assignatis
674 3179 759 3246 meis
785 3181 827 3248 de
852 3202 1009 3266 supremo
1032 3179 1170 3254 domino
1192 3189 1308 3246 nostro
1332 3201 1410 3268 rege
1433 3189 1466 3246 et
1489 3181 1560 3248 suis

199 3281 450 3350 suecessoribus
472 3283 608 3368 regibus
627 3279 738 3349 scocie
761 3281 796 3348 in
818 3283 916 3350 feodo
939 3293 972 3348 et
999 3281 1186 3351 hereditate
1209 3281 1457 3368 imperpetuum
1481 3304 1559 3350 cum

199 3385 291 3451 omni
314 3385 390 3452 Iure
413 3395 447 3450 et
470 3383 684 3452 iurisclameo
707 3383 807 3452 titulo
822 3385 1028 3472 proprietate
1051 3395 1084 3452 et
1108 3384 1321 3470 possessione
1340 3406 1418 3452 cum
1437 3383 1560 3452 debitis

198 3485 407 3573 longitudine
420 3497 453 3554 et
466 3485 645 3554 latitudine
657 3509 735 3553 cum
747 3487 889 3572 edificijs
899 3489 1043 3572 desuper
1055 3485 1259 3556 constructis
1275 3497 1308 3552 et
1325 3485 1560 3554 construendis

200 3611 277 3656 cum
298 3589 466 3676 lapidibus
486 3589 587 3676 lignis
607 3599 640 3656 et
662 3589 754 3656 calce
775 3612 815 3656 ac
836 3611 914 3656 curn
930 3589 1086 3657 omnibus
1110 3589 1187 3674 alijs
1207 3599 1241 3656 et
1263 3587 1406 3676 singulis
1426 3589 1560 3658 liberta·

198 3694 290 3760 tibus
312 3691 609 3762 commoditatibus
632 3702 665 3759 et
689 3691 888 3761 asiamentis
904 3715 944 3760 ac
966 3691 1065 3758 iustis
1087 3691 1158 3758 suis
1182 3691 1399 3777 pertinenciis
1426 3691 1560 3778 quibus·

199 3817 331 3882 cunque
353 3805 425 3863 tam
444 3817 512 3862 non
533 3793 716 3861 nominatis
739 3817 840 3880 quarn
864 3793 1048 3861 nominatis
1070 3803 1141 3861 tam
1163 3795 1283 3861 subtus
1305 3804 1430 3862 terram
1457 3816 1559 3880 quam

199 3919 300 3984 supra
327 3900 370 3965 ad
396 3897 583 3984 predictam
613 3907 738 3962 terram
769 3919 846 3964 curn
877 3895 1094 3982 pertinenciis
1120 3897 1353 3982 spectantibus
1382 3919 1443 3964 seu
1457 3897 1560 3964 iuste

200 4010 352 4085 spectare
389 4001 580 4068 valentibus
617 3997 866 4084 quomodolibet
900 3997 933 4064 in
971 3999 1121 4064 futurum
1159 3999 1242 4064 adeo
1277 3999 1379 4066 libere
1410 3999 1560 4084 plenarie

200 4103 329 4190 integre
344 4103 527 4170 honorifice
543 4105 627 4171 bene
643 4112 677 4169 ct
697 4102 732 4169 in
748 4123 831 4188 pace
852 4101 886 4168 in
907 4102 1065 4169 omnibus
1084 4112 1118 4169 et
1139 4124 1199 4188 per
1213 4101 1327 4169 omnia
1343 4103 1430 4170 sicut
1447 4103 1560 4188 aliqua

200 4215 290 4275 terra
305 4207 392 4274 inira
407 4205 535 4274 dictum
559 4206 702 4290 burgum
725 4205 883 4271 venditur
906 4205 1006 4270 datur
1029 4213 1088 4271 aut
1111 4203 1145 4270 in
1165 4225 1286 4289 puram
1307 4214 1340 4270 et
1361 4215 1559 4290 perpetuam

200 4307 412 4374 elimosinam
430 4305 625 4375 conceditur
641 4305 713 4374 sine
728 4305 944 4373 reuocatione
964 4305 1204 4373 reclamatione
1220 4316 1279 4374 aut
1295 4307 1560 4375 contradictione

200 4409 338 4496 aliquali
354 4410 420 4477 mei
436 4401 597 4478 heredum
622 4431 773 4475 meorum
797 4418 855 4476 aut
876 4407 1018 4475 aliorum
1035 4431 1310 4496 quorumcunque
1332 4411 1559 4496 Quamobrem

201 4513 282 4580 dicti
300 4523 438 4582 curatus
449 4523 483 4580 et
495 4511 661 4599 capellani
674 4521 707 4578 et
719 4533 836 4578 eorum
849 4531 1061 4579 successores
1070 4511 1286 4578 celebrabunt
1305 4513 1559 4598 imperpetuum

201 4637 261 4701 pro
271 4615 385 4684 anima
395 4637 471 4682 mea
481 4625 514 4682 et
524 4615 639 4683 anima
649 4613 730 4682 dicti
740 4614 873 4699 agnetis
882 4613 1062 4680 howesone
1071 4613 1182 4680 vxoris
1193 4636 1267 4681 mee
1277 4615 1369 4682 omni
1382 4617 1559 4684 ebdomida
