4490 5990
619 665 661 732 ss
1117 663 1490 752 communesne

619 845 755 906 monete
785 837 895 906 scocie
925 845 1103 906 exeuntem
1133 846 1168 906 et
1197 837 1380 906 leuandum
1414 835 1590 906 annuatim
1621 837 1669 904 dc'
1691 844 1783 904 terra
1816 834 1996 903 heredum.

619 945 789 1030 quondam
804 942 937 1029 galiridi
954 945 1077 1012 bumat
1094 945 1232 1013 Iacente
1246 944 1281 1012 in
1296 944 1371 1013 vico
1387 947 1429 1014 de
1448 953 1597 1030 gastraw
1611 963 1653 1010 ex
1667 951 1763 1029 parte
1778 941 1980 1030 occidentali

619 1047 770 1116 eiusdem
791 1049 857 1134 vicj
881 1048 970 1116 inter
991 1059 1115 1118 terram
1138 1052 1273 1119 Andree
1295 1051 1429 1119 cullane
1449 1073 1491 1118 ex
1510 1049 1650 1135 australj
1675 1057 1772 1134 parte
1793 1069 1837 1115 ex
1856 1069 1923 1116 vna
1947 1057 1981 1116 et

619 1165 744 1224 terram
769 1155 933 1224 Iohannis
957 1155 1095 1243 Robertj
1120 1179 1161 1224 ex
1183 1157 1309 1226 boreali
1332 1165 1428 1244 parte
1450 1179 1491 1225 ex
1513 1157 1620 1225 altera
1641 1157 1688 1222 Et
1702 1176 1807 1222 vnum
1830 1175 1980 1222 annum

620 1261 804 1329 Redditum
831 1269 909 1328 octo
933 1261 1117 1330 solidorum
1144 1263 1186 1330 de
1211 1272 1301 1332 terra
1325 1265 1458 1331 Andree
1485 1263 1653 1349 ehapman
1682 1261 1820 1329 Iacentc
1845 1259 1881 1328 in
1906 1260 1981 1328 vico

619 1365 791 1452 superiore
812 1365 955 1434 ecclesie
977 1388 1081 1452 prope
1103 1376 1289 1436 torrentem
1312 1367 1496 1455 molendini
1519 1367 1600 1454 dictj
1624 1367 1721 1453 burgj
1745 1365 1834 1434 inter
1854 1373 1981 1433 terram

619 1473 752 1538 Andree
778 1469 971 1557 chapmann
999 1493 1040 1538 ex
1065 1473 1266 1560 occidentalj
1297 1483 1393 1562 parte
1422 1495 1464 1540 ex
1492 1495 1559 1542 vna
1589 1481 1623 1541 et
1652 1481 1777 1540 terram
1808 1471 1979 1557 alexandri

620 1576 805 1663 howysoun
820 1597 940 1642 versus
955 1575 1067 1644 oriens
1089 1579 1176 1644 Item
1197 1599 1348 1646 annuum
1371 1578 1555 1646 Redditum
1572 1599 1630 1644 sex
1646 1577 1828 1644 solidorum
1849 1585 1883 1643 et
1904 1585 1982 1642 octo

621 1681 836 1750 denariorum
852 1683 894 1748 de
909 1679 977 1748 alia
992 1689 1083 1748 terra
1098 1681 1205 1768 ipsius
1223 1685 1355 1750 Andree
1371 1683 1539 1769 chapman
1560 1681 1595 1748 in
1615 1683 1734 1750 eodem
1751 1680 1827 1748 vieo
1843 1683 1982 1748 Iacente

620 1787 709 1854 inter
730 1796 856 1854 terram
879 1785 960 1872 dictj
985 1787 1118 1854 Andree
1139 1809 1258 1854 versus
1281 1788 1393 1856 oriens
1414 1799 1448 1855 et
1470 1797 1596 1855 terram
1619 1785 1783 1854 Iohannis
1805 1785 1982 1852 michaelis

620 1915 739 1960 versus
765 1891 922 1958 occidens
950 1893 1038 1957 Item
1064 1911 1168 1958 vnum
1189 1915 1339 1960 annuum
1362 1892 1546 1960 Redditum
1570 1901 1714 1978 quatuor
1734 1890 1917 1957 solidorum
1940 1891 1981 1958 de

620 2008 711 2066 terra
733 1997 891 2064 interiore
911 1997 1073 2064 heredum
1097 2001 1268 2084 quondam
1291 1999 1470 2086 Alexandrj
1495 2022 1574 2067 sues
1596 1999 1762 2068 detlcxare
1786 1999 1923 2066 Iacente
1947 1995 1981 2063 in

620 2103 694 2170 vico
723 2103 892 2170 furcarum
919 2123 960 2168 ex
986 2101 1186 2188 occidentalj
1217 2114 1313 2190 parte
1343 2104 1493 2172 eiusdem
1519 2104 1584 2191 vicj
1616 2105 1705 2170 inter
1728 2113 1854 2170 terram
1879 2102 1981 2170 dauid

621 2207 802 2276 Colisoune
832 2227 873 2273 ex
902 2206 1028 2292 borealj
1059 2217 1155 2293 parte
1193 2211 1240 2275 Et
1269 2219 1396 2277 terram
1426 2208 1587 2278 heredum
1620 2207 1787 2278 Willelmi
1823 2207 1980 2294 stephani

619 2331 737 2378 versus
767 2319 919 2378 austrum
950 2319 1075 2378 terram
1105 2311 1271 2380 Willelmi
1303 2313 1389 2381 moir
1416 2335 1534 2382 versus
1563 2313 1721 2381 occidens
1756 2315 1844 2380 Item
1876 2331 1981 2380 vuum

620 2435 771 2484 annuum
789 2414 973 2482 Redditum
994 2425 1139 2501 quatuor
1162 2415 1345 2486 solidorum
1362 2420 1508 2487 deterre
1531 2419 1692 2488 heredum
1716 2415 1881 2486 Iohannis
1898 2437 1982 2502 eope

622 2521 760 2587 Iacente
785 2519 821 2586 in
847 2519 937 2586 dicto
960 2520 1231 2589 vico·luroarum
1258 2523 1346 2591 inter
1369 2533 1495 2594 terram
1517 2524 1634 2592 thome
1654 2525 1767 2592 litstar
1788 2543 1830 2590 ex
1855 2521 1981 2592 boreali

621 2635 717 2714 parte
733 2647 774 2694 ex
787 2647 855 2695 vna
870 2635 904 2692 et
919 2635 1045 2695 terram
1061 2627 1222 2696 heredum
1240 2629 1404 2698 Iohannis
1424 2632 1465 2698 de
1485 2652 1560 2698 mar
1574 2653 1616 2698 ex
1630 2639 1725 2718 parte
1743 2629 1851 2700 altera
1864 2651 1982 2697 versus

622 2741 776 2800 austrum
801 2733 889 2798 Item
911 2751 1016 2798 vnum
1039 2753 1190 2800 annuum
1209 2735 1377 2807 redditum
1396 2743 1474 2804 octo
1497 2735 1681 2804 solidorum
1697 2738 1739 2805 de
1754 2745 1844 2804 terra
1867 2733 1981 2803 Dauid

622 2837 761 2924 Robertj
780 2837 918 2904 Iacente
933 2835 968 2904 in
984 2837 1075 2906 dicto
1089 2837 1164 2907 vico
1178 2839 1348 2908 furcarum
1364 2862 1405 2908 ex
1420 2841 1620 2912 occidentali
1635 2851 1731 2929 parte
1746 2839 1897 2910 eiusdem
1914 2839 1980 2924 viej

622 2945 711 3012 inter
731 2953 857 3012 terram
875 2943 1039 3012 Iohannis
1058 2945 1202 3032 gillespy
1217 2967 1258 3013 ex
1273 2947 1414 3016 australi
1434 2958 1530 3034 parte
1553 2949 1600 3014 Et
1620 2957 1746 3015 terram
1761 2948 1834 3014 Ade
1849 2947 1981 3014 Andree

620 3071 739 3118 versus
761 3051 898 3118 boream
927 3051 1014 3116 Item
1040 3071 1145 3118 vnum
1172 3071 1322 3118 annuum
1349 3052 1517 3120 redditum
1541 3051 1714 3120 triadecim
1740 3050 1924 3118 solidorum
1947 3057 1981 3116 et

623 3165 768 3243 quatuor
786 3154 1001 3223 denariorum
1024 3158 1066 3224 de
1088 3165 1178 3224 terra
1201 3179 1277 3224 mea
1299 3158 1434 3245 propria
1456 3158 1491 3226 in
1515 3181 1581 3244 qua
1605 3157 1763 3226 Inhabito
1788 3158 1926 3226 Iacente
1946 3155 1981 3222 in

623 3261 714 3330 dicto
731 3259 807 3328 vico
829 3259 998 3327 furcarum
1021 3260 1110 3328 inter
1131 3271 1256 3330 terram
1280 3263 1360 3350 dictj
1377 3266 1450 3332 Ade
1464 3266 1598 3332 Andree
1617 3285 1736 3331 versus
1757 3271 1912 3330 austrum
1935 3261 1982 3328 Et

621 3376 746 3434 terram
769 3366 902 3433 Andree
925 3387 1061 3453 murray
1078 3389 1196 3436 versus
1216 3371 1352 3436 boream
1378 3371 1465 3436 Item
1486 3392 1636 3438 annuum
1660 3367 1843 3436 Redditum
1860 3365 1980 3452 vigintj

622 3471 805 3538 solidorum
821 3473 862 3538 de
878 3469 945 3538 alia
957 3481 1048 3539 terra
1063 3493 1140 3542 mea
1157 3475 1295 3542 Iacente
1304 3474 1339 3540 in
1351 3475 1442 3542 dicto
1451 3475 1526 3543 vico
1539 3476 1709 3543 furcarum
1724 3495 1766 3541 ex
1780 3471 1981 3542 occidentali

621 3588 717 3664 parte
746 3577 896 3644 eiusdem
923 3577 1012 3644 inter
1036 3587 1161 3646 terram
1184 3581 1317 3647 Andree
1343 3581 1414 3665 galt
1437 3601 1478 3648 ex
1500 3579 1641 3648 australi
1667 3589 1764 3665 parte
1787 3578 1834 3644 Et
1856 3587 1982 3644 terram

621 3681 785 3750 Iohannis
807 3681 954 3768 hugonis
976 3683 1143 3750 carnificis
1166 3694 1322 3769 exparte
1342 3685 1467 3770 borealj
1490 3687 1578 3752 Item
1596 3705 1700 3751 vnum
1721 3703 1871 3750 anmmm
1894 3681 1982 3748 Red-

621 3787 730 3856 ditum
754 3787 931 3856 duodecim
952 3788 1135 3857 solidorum
1157 3793 1199 3858 de
1218 3799 1308 3858 terra
1328 3789 1409 3877 dictj
1435 3789 1599 3858 Iohannis
1621 3789 1767 3876 hugonis
1788 3791 1926 3856 Iacente
1946 3785 1981 3852 in

622 3891 713 3960 dicto
734 3893 809 3959 vico
831 3893 1002 3960 furcarum
1026 3893 1114 3962 inter
1136 3905 1262 3964 terram
1286 3917 1397 3963 meam
1421 3896 1590 3982 propriam
1612 3917 1730 3962 versus
1754 3903 1907 3962 austrum
1934 3894 1980 3958 Et

621 4009 747 4066 terram
763 3997 928 4068 Willelmi
951 3999 1083 4087 phillipj
1104 4023 1222 4070 versus
1244 4003 1380 4070 boream
1405 4003 1493 4069 Item
1516 4023 1621 4070 vnum
1641 4021 1792 4068 annuum
1812 3997 1980 4067 redditum

620 4105 662 4171 de
685 4103 777 4170 dicta
799 4111 888 4170 terra
903 4104 1069 4173 Willelmi
1092 4105 1234 4192 philippi
1254 4107 1431 4175 duodecim
1455 4107 1639 4176 solidorum
1654 4107 1689 4174 in
1705 4105 1796 4176 dicto
1817 4104 1893 4172 vico
1914 4105 1980 4171 lur-

620 4229 737 4276 carum
758 4207 847 4274 inter
865 4217 990 4276 terram
1007 4210 1088 4297 dictj
1107 4211 1270 4280 Iohannis
1285 4211 1430 4298 hugonis
1450 4213 1618 4280 carnificis
1632 4233 1749 4281 versus
1764 4219 1916 4280 austrum
1934 4211 1980 4276 Et

619 4323 744 4382 terram
765 4313 930 4382 Willelmi
956 4316 1094 4402 Robertj
1118 4339 1236 4384 versus
1262 4319 1398 4384 boream
1423 4321 1511 4386 Item
1534 4320 1575 4386 de
1598 4328 1687 4386 terra
1709 4315 1790 4403 dictj
1814 4314 1980 4408 Willelmi

621 4419 760 4506 Robertj
779 4419 916 4486 Iacente
935 4418 970 4486 in
989 4421 1080 4490 dicto
1101 4421 1177 4490 vico
1197 4423 1368 4492 furcarum
1390 4445 1495 4492 vnum
1517 4445 1668 4493 annuum
1693 4421 1876 4492 Redditum
1900 4423 1981 4490 duo·

619 4525 729 4592 decim
742 4523 925 4592 solidorum
937 4524 1026 4593 inter
1036 4535 1161 4596 temam
1171 4527 1337 4598 Willelmi
1349 4529 1504 4616 phillippi
1515 4549 1633 4597 versus
1643 4535 1796 4596 austrum
1811 4536 1846 4595 et
1862 4545 1979 4594 orsum

620 4649 734 4696 meum
756 4629 928 4715 proprium
950 4651 1068 4699 versus
1094 4633 1229 4702 boream
1258 4633 1345 4716 Rem
1368 4655 1472 4702 vnum
1497 4653 1647 4704 annuum
1669 4631 1837 4702 redditum
1862 4633 1978 4700 decem
