4472 5992
631 691 673 762 54
1054 675 1154 744 Carta
1179 673 1332 740 Willdmr'
1353 673 1391 739 ds
1410 670 1569 738 suchat

631 847 688 934 vnj
713 848 901 935 capellano
928 847 1058 916 Ibidem
1080 847 1197 916 diuina
1222 843 1405 930 celebrantj
1431 846 1685 930 1mperpetuom
1707 841 1995 910 varantimbimus

631 953 909 1040 Aequistabimus
926 963 960 1020 et
978 963 1142 1038 tanquam
1165 973 1284 1039 puram
1310 950 1535 1018 Elimosinam
1560 951 1817 1034 Imperpetuum
1840 949 1994 1016 defende·

557 1144 560 1159 ·
632 1079 709 1126 mus
728 1062 781 1126 De
799 1058 1057 1145 quibusquidem
1079 1067 1224 1144 quatuor
1246 1056 1370 1124 marola
1392 1065 1468 1142 post
1491 1055 1686 1122 huiusmodi
1710 1053 1993 1138 Rcsignacioissm

633 1166 674 1232 In
697 1163 854 1232 manibus
877 1163 1006 1250 prouidj
1030 1163 1092 1248 virj
1119 1163 1282 1230 Iohannis
1304 1163 1428 1230 bumat
1450 1161 1533 1228 t'unc
1551 1160 1651 1228 unius
1671 1159 1874 1228 balliucrum
1898 1159 1992 1245 burgi

632 1271 674 1338 de
688 1271 863 1338 Aberdcne
885 1269 997 1339 debite
1014 1269 1141 1338 samam
1158 1278 1192 1336 et
1207 1267 1394 1338 admissam
1417 1266 1567 1336 aunam
1582 1276 1616 1334 et
1632 1265 1881 1352 possessionem
1903 1265 1994 1334 dicto

632 1375 731 1460 altarj
756 1385 789 1444 et
812 1375 989 1461 capellano
1011 1375 1141 1444 Ibidem
1164 1397 1224 1461 pro
1247 1383 1409 1462 perpenso
1428 1372 1612 1458 celebrantj
1636 1371 1764 1440 contuli
1789 1371 1942 1440 Realiter
1959 1381 1994 1440 et

632 1501 710 1548 cum
736 1481 859 1552 ellectu
886 1483 927 1550 In
953 1481 1051 1550 cuius
1081 1480 1144 1567 st
1176 1479 1409 1550 testimonium
1439 1478 1589 1566 presenti
1617 1487 1711 1548 carte
1740 1497 1815 1546 mee
1843 1477 1994 1563 sigillum

632 1605 747 1654 meum
772 1586 915 1674 apposui
942 1589 989 1654 Et
1014 1589 1059 1656 ad
1085 1587 1248 1660 maiorem
1274 1587 1337 1672 Rej
1365 1585 1590 1654 Euidenciam
1614 1583 1763 1670 sigillum
1786 1583 1995 1652 honorabilis

632 1690 694 1776 virj
734 1692 898 1762 Iohannis
930 1695 973 1762 de
1009 1693 1049 1760 bi
1081 1703 1164 1762 tuuc
1201 1691 1362 1779 prepositi
1399 1693 1450 1760 he
1486 1689 1636 1777 sigillum
1672 1691 1863 1758 Commune
1899 1687 1993 1774 Dictj

633 1797 729 1883 bur·
758 1799 800 1866 de
822 1799 978 1866 Aberden
999 1817 1146 1868 mecum
1169 1799 1281 1884 sigillo
1303 1798 1383 1883 dictj
1413 1797 1576 1866 Iohannis
1599 1797 1747 1865 bumard
1772 1795 1872 1864 vuius
1901 1793 1995 1863 balli·

632 1923 752 1970 uorum
770 1903 922 1972 eiusdem
941 1925 1018 1972 cum
1043 1951 1052 1972 .
1077 1953 1085 1971 .
1110 1953 1119 1970 .
1144 1951 1152 1970 .
1176 1904 1288 1972 decuit
1310 1903 1480 1972 Instantis
1497 1902 1621 1989 apponj
1641 1901 1855 1987 presentibus
1876 1921 1994 1989 procu·

633 2008 706 2092 rauj
729 2010 829 2094 Apud
851 2007 1020 2078 Abirdene
1041 2009 1202 2078 vicesimo
1228 2021 1349 2096 quarto
1371 2009 1425 2076 die
1448 2007 1576 2076 mensis
1601 2007 1718 2093 marcij
1742 2009 1843 2076 Anno
1866 2005 1994 2074 domini

633 2113 814 2182 millesimo
840 2115 1172 2201 quadringentesimo
1194 2115 1367 2184 tricesimo
1389 2115 1535 2200 septimo
1557 2114 1719 2182 Testibus
1741 2111 1994 2181 honorabilibus

633 2219 784 2303 prouidis
806 2229 840 2288 et
862 2220 1003 2288 famosis
1023 2221 1105 2288 viris
1129 2221 1231 2288 Dicto
1256 2221 1408 2289 Iohanne
1430 2223 1472 2288 de
1493 2221 1533 2287 fit
1551 2229 1634 2288 tunc
1657 2219 1828 2305 preposito
1850 2217 1994 2304 gilberto

633 2325 675 2392 de
692 2325 841 2392 menaeis
865 2325 1037 2394 Richards
1056 2329 1099 2394 de
1120 2327 1328 2413 Rutheriurd
1353 2327 1504 2394 Iohanne
1520 2327 1623 2394 volat
1646 2327 1774 2392 andrea
1789 2327 1832 2392 de
1849 2323 1993 2392 Cullane

633 2429 770 2498 Andrea
799 2431 947 2500 brancho
969 2433 1079 2500 Adam
1109 2434 1152 2500 de
1181 2432 1242 2498 hill
1272 2431 1407 2500 Thorna
1435 2433 1568 2518 vmlrcy
1592 2431 1768 2500 Willelmo
1792 2432 1836 2498 de
1860 2427 1994 2498 cuidiou

634 2535 805 2604 communi
831 2537 954 2604 clerico
979 2537 1132 2624 Angusio
1154 2540 1227 2605 hde
1253 2538 1428 2623 Stephano
1455 2536 1618 2605 Iohannis
1642 2537 1834 2604 Alexandro
1859 2555 1995 2622 moyses

633 2641 825 2709 Alexandro
846 2645 889 2709 de
911 2665 1035 2728 spensa
1057 2653 1091 2710 et
1109 2643 1285 2712 Willelmo
1306 2643 1433 2729 mathej
1458 2643 1681 2728 brugensibus
1702 2641 1783 2728 dicti
1808 2641 1912 2727 burgi·
1927 2661 1995 2708 vua

633 2765 711 2814 cum
730 2746 868 2814 henrico
886 2749 1011 2815 sclater
1025 2758 1059 2816 et
1074 2749 1250 2818 Willelmo
1267 2747 1446 2815 atkinsone
1466 2749 1609 2816 Duobus
1630 2747 1893 2832 sergeandonrm
1916 2765 1994 2812 cum

633 2849 751 2918 multis
765 2849 842 2918 aliis
856 2861 911 2918 etc

719 2957 863 3024 Summa
882 2956 1069 3043 capellanie
1087 2958 1227 3026 fundate
1248 2979 1308 3044 per
1327 2959 1496 3044 quondam
1516 2956 1671 3026 thomam
1689 2957 1731 3024 de
1746 2975 1882 3023 camera
1897 2953 1929 3040 vj
1947 2953 1993 3022 lib

632 3058 718 3146 xiiis
732 3059 813 3148 iiijd

1244 3239 1375 3306 XXIX.

714 3373 945 3442 NIUERSIS
959 3375 1049 3442 hanc
1064 3377 1205 3444 Castam
1220 3375 1325 3443 visuri
1340 3385 1374 3444 et
1390 3375 1538 3444 audituri
1548 3375 1745 3444 Willelmus
1758 3375 1801 3442 de
1815 3373 1993 3442 strabroch

755 3475 931 3562 burgensis
946 3479 988 3544 de
1006 3477 1165 3546 abirdene
1184 3499 1225 3546 ac
1244 3479 1402 3548 dominus
1420 3482 1462 3548 de
1478 3483 1620 3548 Fowren
1638 3489 1790 3548 eternam
1805 3478 1840 3544 in
1855 3475 1993 3546 domino

633 3577 787 3646 Salutem
804 3579 978 3675 Noueritis
992 3603 1047 3648 mc
1062 3603 1141 3650 cum
1156 3601 1325 3652 consensu
1346 3595 1380 3652 st
1403 3605 1545 3654 assensu
1560 3585 1725 3670 Willelmj
1752 3586 1795 3653 de
1815 3583 1993 3652 strabrocb

633 3679 692 3766 filij
717 3691 751 3748 et
773 3681 907 3753 heredis
922 3683 989 3752 mei
1004 3684 1040 3750 in
1058 3695 1202 3770 pensata
1216 3687 1362 3756 vtilitate
1376 3689 1445 3757 vite
1465 3709 1540 3756 mse
1562 3698 1741 3774 parentum
1756 3699 1790 3756 et
1805 3687 1993 3756 amicorum

634 3805 785 3852 meorum
802 3795 836 3854 et
852 3788 963 3856 salute
978 3789 1091 3858 anime
1107 3811 1182 3858 mee
1193 3801 1227 3858 et
1239 3791 1430 3860 animarum
1442 3795 1624 3862 eorundem
1637 3792 1770 3861 dedisse
1784 3791 1995 3862 concessisse

632 3898 667 3956 et
682 3889 747 3957 hac
762 3901 918 3976 presente
933 3902 1119 3962 cananea
1139 3897 1358 3966 confirmasse
1374 3917 1505 3966 necnon
1521 3919 1582 3984 pro
1596 3919 1651 3966 me
1666 3908 1699 3966 et
1715 3899 1894 3966 heredibus
1908 3897 1995 3966 meis

632 4001 667 4062 et
692 3991 876 4080 assignatis
897 3995 1025 4081 quiette
1047 3998 1215 4068 clamasse
1241 4002 1340 4088 altarj
1369 4002 1459 4072 beati
1481 4002 1594 4089 jacobj
1618 4003 1764 4089 apostoli
1789 4003 1825 4070 in
1849 4001 1995 4072 ecclesia

632 4099 818 4184 parochiali
841 4101 931 4170 beati
953 4101 1114 4189 nicholai}
1139 4105 1181 4174 de
1196 4105 1356 4175 abirdeue
1378 4106 1507 4174 situato
1528 4129 1588 4174 sex
1607 4127 1740 4176 mersas
1761 4107 1993 4194 stirlingorum

632 4205 829 4274 mundium
853 4208 1046 4277 reddituum
1069 4221 1232 4296 perpetuo
1254 4214 1296 4280 de
1319 4212 1419 4280 terris
1441 4212 1642 4299 subscriptis
1656 4212 1890 4299 percipiendas
1903 4212 1994 4282 vide·

632 4309 710 4378 licet
734 4311 957 4398 quadraginta
978 4313 1104 4382 solidos
1123 4315 1354 4402 stirlingorum
1370 4319 1411 4386 de
1427 4327 1516 4385 terra
1531 4337 1633 4402 quam
1656 4317 1828 4386 arthurius
1842 4318 1885 4384 de
1899 4319 1993 4386 aber·

632 4415 773 4500 porthoc
795 4417 837 4484 de
859 4437 914 4484 me
936 4420 1107 4503 quondam
1129 4420 1239 4488 tenuit
1261 4422 1305 4489 ad
1326 4421 1549 4488 feodifirmam
1573 4423 1711 4490 Iacente
1733 4421 1767 4488 In
1790 4421 1866 4490 vico
1887 4420 1990 4508 castrj

632 4541 673 4588 ex
695 4521 821 4590 boreali
842 4533 939 4609 parte
959 4523 1110 4594 eiusdem
1129 4525 1195 4594 vici
1215 4525 1303 4594 inter
1321 4536 1446 4596 terram
1466 4537 1549 4595 tunc
1571 4525 1646 4598 bidr
1662 4527 1703 4608 (i)
1725 4527 1861 4614 Dychly
1874 4547 1993 4594 versus

631 4625 790 4696 accidens
804 4637 839 4696 et
853 4637 978 4698 terram
998 4629 1132 4698 heredis
1145 4631 1317 4716 quondam
1340 4631 1503 4700 lobannis
1522 4633 1564 4700 de
1583 4653 1679 4718 rossy
1693 4653 1812 4700 versus
1826 4631 1937 4700 oriem
1957 4641 1991 4699 et
