4472 5992
870 685 1066 776 Fragm
1606 704 1649 778 op

293 869 381 936 Item
397 867 544 936 deterre
566 860 699 930 heredis
721 861 890 946 quondam
906 859 1047 950 Angusij
1068 859 1158 948 glenj
1178 858 1316 948 jacente
1331 857 1366 930 ln
1381 857 1456 930 vico
1477 859 1647 932 furcarum
1670 873 1714 927 rol.
1729 869 1776 925 15¹

292 974 382 1043 inter
394 982 504 1042 terras
520 967 692 1039 Edmundi
708 969 778 1037 Wa
810 1015 1648 1036 .................

293 1090 389 1167 parte
423 1075 549 1146 boreali
579 1097 620 1143 ex
649 1083 745 1161 parte
774 1093 841 1140 vna
870 1082 904 1140 et
934 1082 1042 1141 terras
1078 1072 1241 1142 lohanru’s
1275 1073 1447 1142 bortlason
1477 1091 1518 1142 ex
1552 1083 1647 1162 parte

294 1181 434 1254 australi
497 1225 1648 1249 ·······················

293 1309 509 1359 communem
519 1285 620 1355 Viam
632 1283 775 1372 Regiam
784 1305 903 1352 versus
912 1282 1069 1352 occidens
1079 1293 1223 1371 quatuor
1232 1283 1357 1352 solidos
1367 1283 1595 1353 annuatiml.
1641 1335 1648 1350 .

289 1396 445 1482 iacentes
456 1393 491 1462 in
503 1393 537 1480 ly
548 1413 650 1479 grene
662 1389 750 1459 inter
759 1399 885 1458 terram
896 1389 1038 1458 fratrum
1050 1391 1172 1460 domus
1183 1389 1346 1459 trinitatis
1357 1411 1398 1460 ex
1410 1391 1595 1478 partebor.
1640 1442 1647 1458 .

293 1511 425 1570 vastam
441 1499 603 1568 heredum
619 1497 789 1583 quondam
807 1495 965 1582 Symonls
980 1495 1049 1564 lam
1066 1515 1107 1564 ex
1122 1504 1217 1583 parte
1232 1515 1296 1565 aus
1329 1545 1648 1564 .......

294 1605 406 1674 oriens
421 1614 454 1674 et
470 1603 627 1674 occidens
641 1601 760 1689 viginti
775 1599 931 1671 denarios
946 1599 1123 1670 annuatim
1140 1603 1156 1670 1
1175 1651 1648 1670 ..........

293 1709 350 1778 vni
366 1709 543 1798 capellano
559 1709 688 1778 Ibidem
703 1706 818 1777 divina
833 1707 1016 1776 celebranti
1032 1717 1069 1776 ut
1084 1705 1292 1803 permittitur
1331 1757 1650 1776 .......

295 1816 329 1883 ln
346 1826 507 1905 perpetua
523 1813 700 1884 elimosina
715 1813 800 1882 adeo
815 1813 918 1882 libere
933 1821 967 1882 et
983 1811 1096 1900 quiete
1111 1809 1206 1902 ple'n'
1227 1863 1650 1882 .........

296 1943 375 2010 pare
390 1922 478 1990 sicut
494 1920 607 2008 aliqua
622 1919 799 1988 elimosina
814 1919 900 1988 inira
915 1919 1042 1988 dietam
1057 1919 1236 1989 ecclesiam
1256 1906 1260 1919 '
1281 1969 1650 1988 ........

295 2027 330 2094 in
346 2049 430 2116 pura
445 2025 622 2096 elimosina
638 2025 829 2114 possidetur
843 2024 917 2094 sine
932 2021 1135 2113 quaquldem
1152 2043 1187 2094 re
1227 2076 1649 2096 .........

296 2155 350 2202 me
365 2133 418 2200 vel
434 2133 596 2202 heredum
613 2154 763 2204 meorum
780 2141 839 2200 aut
855 2131 997 2200 aliorum
1015 2115 1292 2230 quorumcunque
1332 2181 1650 2202 .......

296 2239 518 2326 quouismodo
533 2239 655 2306 futuris
669 2237 880 2325 temporibus
916 2285 1650 2308 ...............

297 2345 476 2414 heredibus
492 2344 589 2412 meiis
605 2343 808 2431 quociesque
866 2394 1080 2412 .....
1081 2353 1084 2371 '
1125 2394 1131 2409 .
1206 2354 1209 2366 '
1281 2393 1650 2414 ........

296 2452 399 2520 libere
415 2451 591 2539 disponere
609 2451 655 2518 Et
671 2450 700 2519 si
716 2451 807 2536 aliqu
866 2499 1650 2520 ................

297 2557 424 2626 adicto
439 2557 615 2646 capellano
631 2556 834 2625 subtraxerit
868 2607 874 2621 .
919 2606 926 2622 .
971 2607 978 2622 .
1024 2607 1031 2622 .
1075 2585 1084 2621 .·
1127 2587 1135 2620 .·
1178 2603 1651 2626 ..........

297 2663 542 2732 subtractorem
559 2662 743 2732 autoritate
758 2685 820 2731 sua
835 2683 910 2730 com
971 2709 1652 2730 ..............

297 2768 387 2838 dicte
403 2789 535 2837 summe
549 2767 701 2837 faciende
717 2789 837 2856 proseq
868 2817 876 2834 .
907 2800 927 2832 ¹.
1023 2817 1030 2833 .
1076 2817 1082 2832 .
1127 2816 1134 2832 .
1178 2797 1188 2834 .-
1231 2816 1651 2836 .........

296 2873 406 2943 lacien
450 2865 488 2943 ut
504 2873 662 2960 perfectis
677 2873 749 2941 sine
764 2873 897 2970 fraude·
919 2903 930 2938 .·
970 2923 977 2939 .
1023 2925 1029 2939 .
1075 2903 1086 2938 .·
1126 2901 1138 2938 .·
1178 2923 1184 2937 .
1230 2903 1242 2936 .·
1281 2899 1295 2937 .·
1332 2923 1340 2938 .
1384 2923 1391 2939 .
1437 2923 1444 2938 .
1489 2905 1501 2939 .·
1542 2925 1549 2942 .
1593 2923 1600 2942 .
1646 2908 1656 2942 .-

297 2979 473 3049 universas
488 2979 719 3068 possessiones
734 2987 869 3049 nostras
897 2981 905 2998 ⁸
920 3027 1652 3048 ...............

297 3083 566 3173 distringendum
582 3107 642 3172 per
657 3083 865 3173 Episcopum
882 3086 984 3153 aberd
1023 3133 1652 3154 .............
1653 3111 1656 3118 ·

297 3189 445 3259 fiendam
461 3191 590 3277 prelato
605 3191 782 3278 capellano
797 3191 838 3258 dc
854 3211 928 3258 su.
973 3239 980 3254 .
1024 3239 1031 3255 .
1077 3219 1086 3254 :
1127 3239 1134 3255 .
1179 3238 1187 3256 .
1231 3221 1242 3254 .·
1283 3239 1549 3260 ......
1549 3221 1552 3228 ·
1593 3222 1603 3260 .·
1645 3243 1652 3260 .

298 3303 490 3382 presentem
505 3306 657 3366 nostram
674 3295 924 3390 ordinacionem
940 3293 1032 3365 datio
1075 3345 1081 3360 .
1127 3343 1134 3360 .
1180 3326 1187 3362 ;
1231 3325 1240 3362 .·
1283 3325 1291 3361 .-
1335 3345 1342 3362 .
1386 3347 1393 3362 .
1438 3348 1445 3363 .
1490 3348 1498 3366 .
1542 3329 1551 3365 ι
1593 3349 1600 3366 .
1645 3350 1652 3366 .

299 3399 380 3470 dum
399 3411 517 3469 nostro
533 3403 684 3471 Iohanne
701 3423 760 3489 per
774 3401 971 3470 crucifixum
987 3411 1020 3468 et
1076 3451 1083 3467 .
1127 3449 1135 3466 .
1179 3450 1187 3466 .
1232 3431 1239 3466 ;
1284 3449 1291 3467 .
1335 3451 1342 3468 .
1387 3431 1394 3470 ι
1439 3435 1447 3472 ;
1491 3453 1498 3470 .
1542 3455 1549 3472 .
1594 3457 1602 3474 .
1644 3457 1654 3476 η.

299 3503 449 3576 humane
464 3518 617 3576 creature
632 3509 675 3576 ad
692 3507 835 3576 maledic
867 3557 874 3574 .
1024 3557 1031 3572 .
1075 3539 1083 3574 ι
1128 3555 1135 3574 .
1180 3555 1188 3574 .
1232 3557 1239 3574 .
1285 3538 1292 3574 ·.
1336 3537 1343 3574 a
1388 3559 1654 3580 ......

300 3631 362 3680 sua
377 3622 546 3700 potestate
562 3612 596 3680 in
612 3613 719 3682 filium
739 3635 848 3683 merer
870 3663 1654 3688 ................

299 3715 739 3788 heredesmeietmeiassi
767 3768 1033 3786 ......
1040 3729 1085 3784 ’.
1130 3769 1137 3784 .
1181 3747 1190 3785 ·.
1233 3769 1241 3784 .
1286 3769 1293 3786 .
1338 3769 1345 3786 .
1390 3769 1397 3788 .
1440 3771 1447 3787 .
1492 3749 1499 3789 a
1543 3751 1551 3789 ι
1594 3773 1653 3793 ..
1760 3779 1766 3786 .

300 3819 703 3894 missusestdictoaltar
766 3851 1653 3898 ....;..........;;.

300 3925 527 4013 quietabimus
543 3939 580 3997 ut
595 3938 668 3998 tam
714 3979 1241 3996 ...........
1285 3959 1293 3996 ι
1338 3981 1655 4006 .......

300 4031 444 4102 fideliter
458 4035 677 4104 defendemus
714 4087 720 4102 .
767 4087 774 4102 .
818 4087 825 4102 .
870 4087 878 4103 .
922 4085 929 4102 .
974 4087 981 4101 .
1026 4065 1033 4100 a
1078 4084 1086 4100 .
1130 4063 1137 4100 r
1181 4061 1189 4102 ι
1234 4084 1654 4110 .........

300 4135 1654 4225 sigilloAndre........;';'..;·.‘..;:.:.·.

300 4243 354 4312 die
370 4243 498 4312 mensis
560 4294 1655 4319 ......................

300 4349 1656 4444 honorabilibus

300 4453 370 4524 filio
403 4505 1191 4526 ................
1234 4485 1242 4521 ·.
1286 4503 1294 4521 .
1338 4505 1346 4524 .
1391 4483 1398 4522 ·.
1443 4505 1657 4525 .....

302 4561 428 4632 Ricaod
458 4611 933 4629 ..........
975 4593 984 4627 ·.
1029 4607 1295 4628 ......
1339 4589 1348 4630 ·.
1391 4611 1659 4634 ......

867 4667 972 4736 Cetera
990 4669 1097 4734 desum
