4460 5984
644 669 707 720 aaa
987 648 1120 716 'Rmtale
1141 647 1282 714 olimst
1302 653 1331 714 ai
1350 603 1655 714 Amasim

643 833 779 891 tantum
795 823 898 890 libero
914 831 1108 890 tenemento
1123 821 1274 890 eiusdem
1290 821 1381 888 dicto
1398 820 1542 888 Iohanni
1558 841 1618 906 pro
1641 831 1795 906 tempore
1809 819 1879 888 vite
1893 833 1954 888 tue
1969 829 2003 888 et

645 928 756 1018 medio
771 938 922 1012 tempore
937 927 1070 994 nullum
1085 927 1143 994 liet
1159 925 1340 994 seruicium

420 1177 622 1258 dominusdegid
731 1171 943 1240 Venerabilis
969 1172 1020 1238 vir
1048 1171 1206 1241 dominus
1236 1173 1337 1241 dauid
1367 1175 1478 1241 Waus
1507 1172 1653 1240 vicarius
1682 1174 1723 1240 de
1753 1173 1849 1240 banll
1874 1171 2000 1260 legauit

419 1243 622 1364 fflffiff‘m
644 1277 786 1344 ecclesie
802 1277 892 1345 beati
907 1277 1054 1364 nicholaj
1075 1279 1115 1345 de
1131 1278 1298 1346 Abirdene
1314 1289 1347 1344 et
1364 1277 1548 1365 capellanis
1564 1277 1695 1365 collegij
1714 1277 1863 1345 eiusdem
1880 1277 2001 1354 etsuis

645 1382 904 1451 Successoribus
918 1403 1020 1451 vnam
1037 1383 1288 1469 Supellectilem
1312 1383 1343 1450 le
1359 1387 1480 1450 Arrass
1502 1385 1586 1451 bede
1609 1381 1866 1471 cooperiendam
1884 1403 2000 1450 monu-

643 1497 760 1555 menta
775 1498 808 1555 et
823 1488 958 1556 tabulas
974 1491 1142 1574 quondam
1166 1491 1252 1556 bone
1271 1489 1431 1556 memorie
1454 1489 1586 1556 Andree
1610 1489 1699 1575 alanj
1724 1487 1884 1575 prepositi
1900 1486 2001 1554 huius

643 1593 738 1680 burgi
762 1593 899 1662 cristine
927 1594 1065 1664 Cadiow
1094 1615 1216 1681 sponse
1247 1616 1306 1662 sue
1333 1606 1366 1663 et
1394 1615 1490 1661 suam
1513 1596 1665 1662 tabulam
1692 1597 1741 1661 Ac
1768 1614 1886 1660 omnes
1915 1593 2001 1660 alias

642 1699 777 1766 tabulas
792 1699 1042 1786 capellanorum
1067 1721 1106 1766 ac
1128 1693 1270 1767 aliorum
1287 1721 1563 1786 quorumcunque
1578 1699 1663 1766 infra
1679 1699 1804 1766 dictam
1821 1697 2000 1766 ecclesiam

643 1802 845 1889 intempore
866 1803 1100 1871 deseruitionis
1124 1825 1261 1872 suorum
1285 1803 1438 1870 obituum
1454 1813 1487 1870 et
1503 1803 1818 1870 Anniuersariorum
1838 1825 1916 1869 cum
1935 1801 2000 1870 hac

643 1907 834 1975 conditione
850 1910 938 1994 quod
954 1907 1067 1974 nullus
1082 1908 1211 1974 auferat
1227 1929 1302 1974 eam
1319 1909 1359 1974 de
1376 1905 1519 1973 ecclesia
1541 1905 1706 1994 prelibata
1731 1909 1793 1974 sub
1808 1927 1896 1992 pena
1912 1908 2000 1972 Ana·

641 2013 805 2080 thematis
832 2012 903 2080 siue
929 2013 997 2080 late
1021 2015 1144 2079 Actum
1172 2021 1205 2079 et
1233 2011 1460 2098 subscriptum
1484 2033 1546 2079 sua
1572 2011 1706 2098 propria
1729 2033 1832 2078 manu
1856 2011 2000 2095 Insuper

641 2117 774 2184 ordauit
794 2117 864 2202 [sic]
884 2117 1008 2184 locauit
1032 2126 1065 2183 et
1089 2115 1201 2202 posuit
1224 2120 1365 2183 eandem
1390 2115 1632 2202 supellectilem
1657 2115 1691 2181 in
1714 2115 1812 2181 firma
1835 2113 1999 2182 Custodia

642 2223 777 2291 discreti
792 2223 854 2290 viri
870 2223 997 2290 domini
1022 2223 1185 2291 Iohannis
1208 2222 1420 2291 strathachin
1444 2244 1504 2308 pro
1527 2231 1678 2309 ternpore
1693 2243 1755 2289 suo
1772 2221 1818 2288 Et
1833 2229 1910 2308 post
1926 2219 1999 2286 eius

641 2329 817 2396 decessum
841 2339 899 2396 aut
923 2351 1093 2395 recessum
1117 2331 1158 2396 de
1180 2327 1349 2414 personali
1372 2327 1552 2396 residentia
1575 2329 1664 2396 dicte
1687 2327 1828 2395 ecclesie
1844 2327 1949 2394 voluit
1966 2337 1999 2393 et

641 2433 767 2520 legauit
795 2436 936 2508 eandem
963 2433 1060 2502 alteri
1089 2436 1221 2520 ydoneo
1239 2434 1415 2520 capellano
1451 2435 1582 2521 ydoneo
1605 2435 1646 2501 de
1670 2431 1820 2520 Collegio
1844 2431 1998 2518 eligendo

641 2559 701 2624 per
744 2538 930 2626 capitulum
972 2549 1005 2606 et
1046 2539 1225 2626 collegium
1274 2539 1482 2608 antedictum
1523 2537 1609 2606 infra
1649 2537 1775 2606 dictam
1819 2534 1997 2604 ecclesiam

641 2643 889 2730 imperpetuum
912 2665 1110 2712 remansuro

697 2774 700 2782 ’
773 2783 819 2850 Et
837 2785 911 2870 Ego
928 2785 1084 2852 dominus
1099 2784 1201 2852 dauid
1217 2785 1328 2854 Waus
1342 2783 1488 2853 vicarius
1510 2786 1551 2852 de
1574 2784 1657 2854 bant
1669 2784 1818 2870 approbo
1832 2781 1998 2870 premissa

769 2897 858 2954 teste
873 2909 976 2956 manu
992 2887 1126 2976 propria
1141 2898 1195 2956 etc

421 3115 464 3168 rot
480 3113 530 3168 8⁹¹
729 3113 851 3182 Obitus
867 3115 1036 3198 quondam
1052 3115 1139 3182 bone
1154 3113 1315 3180 memorie
1330 3112 1570 3180 venerabilium
1585 3113 1733 3182 virorum
1750 3113 1879 3199 dominj
1896 3113 1997 3182 dauid

423 3244 608 3311 obitusquon.
636 3235 736 3286 'waus
750 3217 864 3303 vicarij
886 3221 934 3285 de.
950 3217 1032 3285 bani
1051 3228 1084 3284 et
1108 3217 1260 3302 magistri
1282 3217 1399 3284 thome
1424 3237 1518 3284 waus
1544 3217 1750 3302 precentoris
1775 3217 1998 3286 morsuiensis

422 3309 562 3426 inm?
641 3345 782 3410 quorum
802 3323 1052 3392 anniuersarius
1075 3324 1251 3392 annuatim
1275 3322 1498 3390 celebrabitur
1520 3324 1564 3390 ad
1587 3325 1694 3390 altare
1718 3323 1836 3390 Sancti
1859 3323 1995 3408 martinj

422 3440 609 3492 venerabilium
639 3427 725 3494 inira
741 3427 918 3495 ecclesiam
942 3427 1032 3496 beati
1053 3427 1211 3514 nicholaij
1230 3428 1264 3494 in
1280 3425 1449 3494 dominica
1467 3427 1620 3512 proxima
1642 3437 1718 3512 post
1734 3427 1890 3493 vltimum
1906 3426 1996 3493 diem

422 3507 609 3622 fflffnffl
638 3533 753 3620 aprilis
767 3533 922 3602 videlicet
939 3535 1107 3602 cantando
1120 3533 1260 3602 missam
1276 3535 1318 3600 de
1333 3543 1414 3600 nota
1426 3553 1503 3600 cum
1515 3531 1679 3618 trigintali
1695 3553 1754 3618 per
1777 3531 1996 3600 Ebdomitam

423 3637 606 3754 gffliaffll
637 3639 714 3706 inde
738 3649 934 3724 sequentem
958 3650 996 3706 ut
1020 3639 1123 3706 moris
1139 3650 1191 3706 est
1209 3641 1254 3706 Et
1271 3639 1467 3725 capellanus
1482 3647 1664 3724 perpetuus
1685 3637 1894 3706 fundationis
1914 3637 1995 3706 dicti

423 3768 542 3834 magian
637 3745 790 3832 magistri
813 3746 929 3814 thome
952 3745 1100 3812 inueniet
1124 3745 1306 3812 luminaria
1328 3755 1381 3810 etc
1407 3766 1556 3830 proquo
1583 3744 1748 3830 capellanj
1778 3743 1997 3812 Inleodantur

423 3833 607 3966 fflfflgfflu'
637 3851 679 3918 de
701 3873 768 3918 vno
791 3872 904 3918 annuo
929 3851 1076 3918 Redditu
1098 3849 1155 3936 xiij
1173 3873 1190 3916 s
1206 3861 1240 3918 et
1256 3850 1303 3936 iiij
1321 3851 1342 3916 d
1358 3852 1399 3916 de
1415 3859 1504 3916 terra
1519 3849 1702 3918 Alexandri
1726 3851 1854 3935 nachty
1869 3849 1904 3916 in
1919 3847 1995 3916 vico

424 3963 596 4016 muzuensis
637 3955 808 4042 superiore
824 3955 978 4024 Ecclesie
994 3955 1145 4024 eiusdem
1161 3954 1260 4040 burgi

424 4217 517 4269 oenus
528 4232 609 4284 quon.
726 4187 849 4256 Obitus
871 4191 1041 4272 quondam
1065 4189 1151 4256 bone
1173 4187 1334 4253 memorie
1359 4187 1515 4272 Duncanj
1534 4187 1651 4254 clatet
1668 4185 1775 4252 Elene
1796 4205 1919 4271 sponse
1936 4205 1996 4252 sue

423 4283 616 4400 flffielssffil
639 4313 781 4377 quorum
797 4293 1050 4360 anniuersarius
1072 4293 1249 4360 annuatim
1266 4293 1488 4359 celebrabitur
1503 4295 1546 4358 ad
1563 4293 1669 4358 altare
1686 4289 1802 4358 Sancti
1818 4288 1995 4356 michaelis

423 4415 476 4466 clar
639 4395 674 4462 in
691 4397 860 4464 dominica
878 4399 918 4463 In
934 4398 1090 4483 passione
1109 4419 1187 4464 cum
1204 4397 1309 4463 missa
1324 4399 1365 4462 de
1381 4407 1462 4462 nota
1477 4405 1511 4461 et
1527 4395 1699 4480 trigintale
1723 4403 1920 4480 sequentem
1937 4415 1997 4478 per

639 4501 845 4568 ebdomitam
870 4511 906 4567 ut
930 4502 1035 4566 moris
1056 4511 1108 4567 est
1131 4522 1192 4586 pro
1215 4521 1281 4585 quo
1306 4500 1524 4565 Inleodautur
1544 4498 1719 4584 Capellanj
1737 4497 1771 4562 in
1786 4495 1905 4582 viginti
1922 4519 1939 4562 s
1954 4499 1996 4563 de

639 4615 728 4674 terra
744 4627 806 4673 sua
823 4609 960 4673 Iacente
975 4607 1010 4672 in
1024 4607 1101 4676 vico
1116 4605 1287 4692 superiore
1302 4605 1442 4672 ecclesie
