4490 5990
724 690 888 758 Fundanio
908 691 1088 782 Alexandri
1106 713 1187 780 gray
1577 716 1639 783 109

280 865 448 934 redditum
479 886 538 933 sex
567 861 749 932 solidorum
784 873 818 931 et
853 873 929 932 octo
964 863 1176 932 denariorum
1206 865 1334 934 usualis
1364 879 1500 936 monete
1530 869 1639 938 scocie

281 971 458 1039 annuatim
483 971 664 1038 leuandum
685 973 726 1038 de
746 980 820 1038 tota
842 979 876 1038 et
899 970 1030 1058 integra
1053 971 1143 1040 dicta
1169 981 1259 1040 terra
1282 975 1451 1060 quondam
1472 975 1638 1044 Willelmi

281 1077 435 1145 buchane
466 1077 604 1144 lacente
633 1076 668 1143 in
698 1078 815 1145 eodem
845 1076 920 1146 vico
949 1097 991 1144 ex
1019 1077 1220 1146 occidentali
1250 1089 1346 1164 parte
1376 1079 1525 1148 eiusdem
1553 1081 1641 1149 inter

281 1191 406 1250 terram
429 1185 599 1270 quondam
623 1181 703 1250 dicti
726 1182 897 1252 alexandri
920 1183 999 1270 logy
1021 1205 1061 1250 ex
1084 1184 1225 1252 australi
1249 1207 1289 1250 ex
1307 1207 1374 1252 vna
1396 1187 1441 1252 Et
1461 1197 1494 1253 et
1515 1197 1639 1254 terram

280 1289 450 1374 quondam
468 1289 631 1356 Iohannis
645 1289 796 1356 lundonia
811 1311 852 1356 ex
866 1289 992 1357 boreali
1012 1290 1165 1376 partibus
1185 1292 1228 1358 ab
1248 1291 1355 1359 altera
1375 1291 1639 1360 TENENDOS

281 1401 315 1460 et
339 1394 511 1462 habendos
532 1405 624 1462 totos
646 1405 680 1461 et
703 1395 852 1482 integros
874 1395 984 1464 dictos
1007 1416 1139 1463 annuos
1161 1395 1312 1464 redditus
1333 1419 1410 1464 cum
1430 1397 1500 1464 suis
1516 1399 1639 1484 pertin·

281 1499 388 1566 enciis
416 1499 555 1587 prefatis
583 1509 701 1568 curato
730 1511 764 1568 et
795 1502 980 1587 capellanis
1010 1523 1049 1568 ac
1080 1501 1151 1568 suis
1182 1503 1433 1570 successoribus
1455 1505 1582 1570 curatis
1605 1515 1638 1571 et

281 1605 467 1690 capellanis
484 1605 564 1693 dictj
587 1605 680 1674 chori
701 1629 721 1674 a
742 1617 850 1674 meet
873 1607 1052 1675 heredibus
1075 1607 1160 1674 meis
1183 1608 1218 1674 in
1241 1630 1361 1693 puram
1384 1619 1417 1675 et
1441 1620 1638 1694 perpetuam

283 1710 509 1780 Elimosinam
537 1713 791 1798 Imperpetuum
815 1713 903 1782 Cum
930 1712 1022 1779 omni
1051 1715 1128 1779 lure
1152 1723 1186 1780 et
1214 1713 1302 1780 Iun's
1328 1714 1459 1780 clameo
1485 1716 1534 1782 Ac
1561 1737 1638 1782 cum

282 1816 439 1884 omnibus
454 1827 488 1884 et
504 1816 646 1903 singulis
662 1817 873 1885 libertatibus
894 1817 1193 1886 commoditatibus
1214 1827 1247 1885 et
1263 1819 1462 1886 asiamentis
1478 1841 1518 1887 ac
1536 1821 1640 1887 Iustis

282 1923 353 1990 suis
373 1922 589 2010 pertinenciis
609 1923 865 2010 quibuscunque
888 1925 931 1991 ad
954 1925 1063 1991 dictos
1086 1945 1219 1992 annuos
1241 1923 1393 1992 redditus
1414 1946 1493 1991 cum
1516 1925 1639 2012 pertin-

281 2027 387 2096 enciis
416 2029 650 2115 spectantibus
685 2051 745 2097 seu
781 2031 875 2098 Iuste
905 2039 1058 2117 spectare
1091 2029 1284 2098 valentibus
1319 2031 1570 2116 quomodolibet
1605 2031 1640 2098 in

280 2135 431 2204 futurum
447 2137 496 2204 Ac
512 2135 712 2223 capiendum
728 2135 906 2204 annuatim
922 2145 956 2203 et
972 2135 1156 2204 leuandum
1172 2137 1214 2204 de
1229 2135 1311 2203 totis
1326 2145 1360 2203 et
1382 2135 1523 2222 integris
1542 2136 1641 2204 terris

281 2240 468 2327 prenotatis
483 2263 561 2309 cum
584 2241 655 2309 suis
675 2241 892 2328 pertinenciis
915 2243 958 2310 ad
980 2243 1066 2310 duos
1088 2241 1169 2310 anni
1192 2241 1356 2310 terminos
1373 2242 1510 2310 vsuales
1525 2251 1639 2328 pente·

281 2357 393 2414 costes
409 2347 565 2415 videlicet
584 2357 618 2415 et
636 2346 746 2434 sanctj
764 2347 900 2434 martinj
917 2347 953 2414 in
976 2347 1087 2416 hieme
1110 2369 1170 2433 per
1192 2347 1329 2434 equales
1347 2347 1523 2433 porciones
1546 2347 1592 2414 Et
1611 2347 1640 2414 si

282 2473 420 2520 necesse
435 2453 535 2520 fuerit
550 2451 744 2520 huiusmodi
767 2463 875 2520 terras
896 2461 929 2522 et
953 2453 1191 2520 Inhabitantes
1207 2455 1343 2520 easdem
1359 2475 1399 2520 ac
1415 2454 1503 2520 bona
1519 2475 1581 2520 sua
1596 2453 1639 2519 ad

282 2579 405 2626 manus
427 2557 579 2644 proprias
601 2581 661 2644 pro
684 2559 844 2645 predictis
866 2559 989 2626 annuis
1011 2559 1197 2628 redditibus
1218 2558 1349 2626 tociens
1372 2557 1532 2644 quociens
1554 2579 1640 2643 opus

279 2663 379 2730 fuerit
395 2685 534 2732 namare
549 2673 582 2732 et
598 2664 797 2750 distringere
812 2673 846 2731 et
857 2665 993 2732 eosdem
1006 2663 1178 2732 districtos
1193 2685 1253 2750 pro
1269 2686 1329 2730 sue
1345 2663 1439 2730 libito
1453 2663 1640 2730 voluntatis

282 2769 459 2856 disponere
483 2769 555 2838 sine
578 2791 779 2856 quocunque
807 2769 896 2838 Iun's
919 2769 1075 2838 ministro
1098 2771 1192 2838 Adeo
1215 2769 1317 2838 libere
1339 2768 1488 2855 plenarie
1510 2767 1639 2854 integre

282 2874 465 2942 honorifice
480 2877 565 2943 bene
580 2885 614 2942 et
630 2875 665 2942 in
680 2894 764 2962 pace
779 2875 814 2942 in
829 2875 988 2944 omnibus
1003 2885 1036 2943 et
1059 2897 1119 2962 per
1134 2873 1248 2942 omnia
1263 2873 1351 2942 sicut
1366 2873 1490 2960 aliquis
1506 2895 1640 2941 annuum

281 2979 432 3048 redditus
462 2981 603 3049 ecclesie
632 2981 719 3050 infra
742 2983 899 3068 Regnum
922 2980 1033 3050 scocie
1064 2983 1105 3048 ln
1136 3002 1256 3068 puram
1283 2990 1317 3048 et
1344 2987 1541 3065 perpetuam
1569 2977 1639 3044 Eli-

283 3085 450 3154 mosinam
466 3089 567 3154 datur
581 3087 777 3156 conceditur
791 3097 851 3155 aut
866 3087 1058 3174 possidetur
1073 3086 1146 3154 sine
1160 3085 1380 3154 reuocacione
1395 3081 1640 3152 reclamacione

282 3199 341 3258 aut
370 3191 636 3260 contradictione
665 3189 803 3278 aliquali
834 3192 901 3260 mei
931 3193 1093 3260 heredum
1123 3212 1275 3259 meorum
1302 3189 1552 3276 assignatorum
1580 3197 1639 3256 aut

282 3293 425 3363 aliorum
441 3319 717 3383 quorumcunque
730 3299 795 3365 Pro
807 3297 1065 3384 quibusquidem
1078 3295 1200 3365 annuis
1211 3295 1395 3364 redditibus
1407 3294 1488 3363 dicti
1503 3303 1641 3362 curatus

282 3401 450 3487 capellani
475 3423 516 3470 ac
540 3403 592 3470 sui
619 3425 831 3472 successores
857 3403 1033 3472 annuatim
1060 3403 1271 3471 celebrarunt
1298 3399 1369 3486 [sio]
1395 3409 1429 3467 et
1453 3400 1640 3466 cantabunt

282 3527 386 3574 vnum
407 3507 675 3577 anniuersarium
691 3511 735 3576 ad
751 3510 858 3576 altare
878 3519 996 3576 sancte
1016 3509 1156 3577 barbare
1175 3508 1261 3575 infra
1276 3505 1455 3574 ecclesiam
1476 3504 1639 3571 situatum

280 3611 436 3682 videlicet
453 3614 625 3700 Exequias
644 3615 877 3684 defunctorum
896 3615 930 3682 in
953 3624 1053 3682 nocte
1075 3614 1184 3700 sanctj
1210 3611 1348 3698 Ninianj
1373 3633 1413 3680 ac
1436 3610 1576 3678 missam
1599 3611 1641 3676 de
1753 3663 1758 3670 .

282 3717 374 3785 Nota
397 3717 432 3786 in
454 3719 508 3787 die
530 3720 620 3788 beati
636 3721 764 3807 ninianj
781 3743 858 3788 cum
875 3722 996 3789 ceteris
1014 3719 1127 3787 missis
1141 3718 1324 3805 trigintalis
1346 3739 1406 3804 per
1427 3715 1640 3784 ebdomidam

281 3830 318 3890 vt
341 3824 444 3892 moris
467 3835 518 3893 est
541 3837 738 3912 sequentem
764 3829 907 3913 Insuper
928 3826 1089 3894 collector
1108 3826 1290 3892 eorundem
1310 3821 1562 3908 capellanorum
1584 3818 1641 3904 qui

282 3949 342 4014 pro
358 3939 510 4016 tempore
525 3931 624 3998 suerit
644 3953 824 4018 preconem
842 3953 920 4000 cum
941 3953 1109 4017 campana
1132 3929 1261 3997 minore
1283 3949 1343 4014 per
1363 3935 1474 3993 toturn
1497 3925 1641 4010 burgum

280 4033 387 4120 perire
401 4035 502 4104 faciet
518 4035 659 4105 indicta
679 4047 778 4105 nocte
799 4037 908 4106 sancti
925 4037 1064 4122 Ninianj
1084 4046 1120 4103 vt
1135 4035 1295 4102 incitetur
1308 4031 1453 4119 populus
1468 4030 1511 4097 ad
1527 4029 1641 4114 depre-

280 4141 427 4206 candum
443 4162 504 4227 pro
519 4141 629 4210 salute
643 4143 834 4211 animaruum
850 4143 1076 4231 predictarum
1094 4139 1263 4209 Tabulam
1279 4158 1380 4224 super
1394 4134 1640 4204 monimentum

282 4255 384 4330 ponet
400 4255 435 4313 et
452 4247 577 4315 locabit
592 4251 734 4316 eandem
755 4249 858 4336 pallio
878 4247 1011 4317 decenti
1031 4270 1092 4315 seu
1109 4253 1308 4314 ornamento
1330 4240 1498 4328 cooperiet
1520 4237 1642 4305 lumin·

255 4385 259 4390 ·
282 4349 354 4418 aria
369 4373 466 4419 cerea
481 4351 630 4422 inueniet
647 4357 835 4441 Ceteraque
850 4355 964 4423 omnia
980 4363 1013 4423 et
1030 4353 1163 4439 singula
1178 4351 1213 4418 in
1228 4347 1396 4418 consimili
1411 4343 1641 4414 anniuersario

282 4457 441 4543 suffragia
471 4459 598 4526 faciens
629 4461 675 4527 Et
706 4461 883 4528 sacristam
914 4461 1041 4546 prefate
1071 4456 1213 4526 ecclesie
1242 4473 1429 4540 campanas
1458 4449 1576 4518 solitas
1607 4455 1641 4514 et

282 4571 463 4629 consuetas
492 4563 581 4632 trina
602 4565 676 4633 vice
705 4567 748 4634 ad
778 4565 970 4633 huiusmodi
994 4565 1153 4650 exequias
1182 4571 1216 4630 et
1246 4562 1289 4630 ad
1315 4579 1476 4645 magnam
1499 4554 1640 4621 missam

282 4677 455 4735 cantatam
479 4668 614 4754 pulsare
633 4681 670 4737 vt
692 4671 794 4738 moris
816 4683 868 4740 est
892 4683 1026 4740 tantum
1053 4691 1112 4756 pro
1132 4667 1225 4736 omni
1245 4665 1312 4735 alio
1335 4661 1477 4732 seruicio
1498 4656 1640 4726 seculari
