4490 5990
462 613 1377 704 sammuaauaummmaaegsa
1565 623 1608 706 6³

205 835 208 849 .
335 789 423 856 Item
437 789 481 856 de
495 797 585 859 terra
598 789 770 876 quondam
784 787 922 874 Robertj
939 787 1082 876 gillespy
1098 790 1237 860 lucente
1249 790 1283 858 io
1295 791 1370 860 vico
1384 794 1489 864 castri
1505 811 1608 882 prope

245 901 398 962 montem
1527 901 1607 988 xijd

708 999 902 1066 Oruomrta
915 999 992 1068 dicti
1005 999 1130 1068 auaris

336 1139 376 1205 In
399 1137 518 1224 primis
539 1161 627 1206 unus
650 1139 737 1206 calix
759 1149 939 1225 argenteus
962 1141 1144 1208 deauratus
1167 1143 1254 1208 Item
1278 1164 1381 1210 vnum
1405 1144 1543 1212 missale
1566 1148 1607 1212 de

247 1265 452 1332 pergameno
482 1245 570 1311 ltem
593 1253 663 1310 tres
686 1244 800 1310 casule
823 1253 856 1310 et
879 1246 944 1311 due
967 1245 1081 1312 tunice
1104 1247 1145 1312 de
1168 1245 1274 1313 serico
1297 1269 1375 1313 cum
1406 1271 1491 1334 capa
1520 1251 1606 1335 nign'

248 1349 370 1416 coloris
385 1351 427 1417 de
443 1349 549 1417 serico
563 1350 670 1417 tercia
685 1349 801 1417 casula
816 1369 857 1415 ex
872 1351 949 1417 albo
964 1350 1054 1416 lineo
1070 1353 1158 1417 Item
1179 1353 1244 1418 due
1267 1352 1341 1419 albe
1356 1361 1390 1419 et
1406 1355 1472 1420 duo
1488 1355 1604 1440 amictj

250 1459 337 1524 Item
354 1457 376 1544 ij
392 1457 508 1524 twalia
530 1461 617 1524 Item
637 1453 707 1525 'duo
731 1455 955 1542 dependentia
978 1463 1057 1523 ante
1081 1457 1188 1524 altare
1210 1479 1315 1540 vnum
1336 1459 1379 1525 de
1402 1459 1433 1525 le
1456 1481 1549 1526 arras
1571 1471 1605 1528 et

249 1563 340 1630 aliud
363 1563 404 1631 de
428 1563 534 1630 serico
555 1563 684 1630 lustato
708 1565 796 1630 Item
823 1563 890 1654 duo
910 1562 1069 1629 frontalia
1091 1583 1195 1629 vnum
1219 1565 1261 1630 de
1281 1583 1378 1630 arras
1400 1573 1434 1630 et
1457 1564 1548 1632 aliud
1564 1567 1606 1632 de

246 1675 382 1734 vorseto
406 1668 504 1754 nigro
531 1669 618 1735 Item
640 1689 744 1734 vnum
768 1689 929 1753 magnum
951 1667 1096 1734 frontale
1118 1669 1259 1736 rubeum
1289 1670 1331 1735 de
1359 1679 1494 1736 vorseto
1516 1672 1605 1756 quod

249 1771 367 1840 circuit
382 1781 492 1840 totum
512 1773 618 1841 altare
633 1775 777 1858 desuper
792 1775 880 1866 Item
895 1793 963 1840 vna
985 1771 1071 1839 cista
1093 1772 1195 1858 longa
1217 1782 1251 1839 et
1272 1771 1339 1839 alia
1353 1775 1498 1841 rotunda
1521 1776 1605 1841 bene

248 1879 375 1945 farrata
395 1887 427 1945 et
450 1888 562 1946 serata
579 1881 665 1946 Item
684 1887 758 1964 111J0'
773 1877 974 1944 candelebra
995 1885 1092 1944 cerea
1108 1877 1195 1944 Item
1212 1879 1278 1944 duo
1292 1877 1496 1944 vestimenta
1516 1877 1606 1946 linea

250 1982 555 2068 quadragesimalia
569 2005 672 2050 vnum
689 2003 803 2050 coram
819 1983 927 2050 altare
942 1991 975 2048 et
992 1981 1083 2049 aliud
1099 1989 1178 2050 ante
1190 1983 1445 2050 tabernaculum
1461 1985 1606 2069 desuper

248 2088 355 2156 altare
384 2089 471 2176 Quis
499 2099 613 2158 autern
640 2089 780 2157 donauit
810 2088 1005 2174 supradicta
1033 2097 1233 2156 ornamenta
1262 2087 1437 2174 ignoratur
1467 2091 1605 2158 Patroni

248 2193 338 2262 dicte
353 2195 539 2283 capellanie
554 2206 588 2264 et
604 2195 722 2264 altaris
734 2194 929 2282 propositus
944 2194 1101 2262 consules
1116 2203 1149 2262 et
1165 2193 1392 2262 communitas
1406 2193 1485 2262 ville

848 2445 1012 2512 XXXIV.

332 2589 562 2658 NIUERSIS
592 2598 625 2656 et
655 2587 798 2675 singulis
827 2595 1001 2674 presentes
1030 2583 1146 2654 literas
1174 2583 1377 2670 inspecturis
1413 2583 1605 2672 prepositus

376 2695 501 2764 leliui
528 2695 685 2764 eonsules
707 2704 744 2764 et
773 2694 926 2781 nonnus·
958 2691 1213 2763 commentatis
1242 2691 1338 2777 burgi
1368 2693 1409 2760 de
1439 2692 1604 2761 aberdene

248 2821 371 2888 eorpus
399 2801 481 2870 dicti
512 2799 627 2888 oppidi
649 2823 713 2890 pro
734 2807 890 2887 ‘oempme
915 2807 1190 2886 mpresentsntee
1218 2797 1372 2866 Salutem
1400 2795 1437 2866 in
1467 2796 1604 2865 domino

250 2905 424 2974 Noueritis
444 2927 509 2974 noa
524 2905 676 2974 matrimi
698 2913 866 2974 consenui
886 2914 923 2974 et
947 2925 1089 2976 asoensu
1111 2903 1245 2978 dedisce
1264 2901 1475 2973 ¹trottoeasisse
1498 2901 1603 2990 assig-

248 3031 349 3078 nasse
376 3019 410 3078 et
440 3009 622 3078 liberaliter
647 3011 832 3080 contulisse
851 3011 982 3080 dilecto
1011 3019 1128 3078 nosue
1156 3009 1229 3080 viro
1253 3007 1368 3094 vtique
1397 3007 1603 3078 benemerito

248 3117 412 3202 magistro
441 3117 645 3185 Allenandro
668 3117 720 3205 fyl
742 3118 918 3204 capellano
943 3117 1036 3185 illam
1060 3114 1284 3202 capellaniam
1308 3121 1460 3182 nostram
1486 3113 1604 3180 altaris

193 3205 197 3218 ’
250 3231 368 3290 sancte
385 3221 491 3290 marie
503 3223 646 3310 virginis
668 3223 910 3310 gloriosissime
925 3223 990 3290 Dei
1013 3219 1187 3308 genitricis
1200 3219 1237 3286 in
1251 3218 1397 3288 ecclesia
1418 3217 1603 3305 parochiali

249 3328 338 3413 beatj
355 3327 477 3400 nicolai
501 3329 582 3396 dicti
598 3330 694 3415 burgi
717 3329 834 3398 situati
847 3337 1027 3398 vacantem
1043 3349 1103 3414 per
1124 3335 1267 3394 mortem
1284 3327 1453 3412 quondam
1476 3323 1603 3392 domini

248 3434 372 3500 andree
387 3433 523 3501 scheres
536 3433 645 3522 vltimj
671 3434 837 3520 capellani
852 3444 887 3502 et
909 3431 1113 3521 possessoris
1133 3432 1283 3500 eiusdem
1299 3433 1343 3500 ad
1363 3439 1516 3498 nosram
1531 3451 1604 3517 pre·

249 3537 479 3606 sentacionem
496 3548 529 3606 et
545 3539 647 3607 aliam
664 3539 893 3607 omnimodam
907 3538 1166 3624 disposicionem
1182 3537 1282 3624 pleno
1299 3539 1376 3604 Iure
1392 3545 1602 3622 spectantem

248 3663 309 3729 pro
338 3653 411 3712 toto
440 3653 593 3731 ternpore
620 3646 690 3712 vite
719 3667 779 3714 sue
807 3654 844 3712 vt
874 3645 976 3730 ceterj
1008 3644 1059 3730 suj
1090 3645 1344 3730 predecessores
1373 3641 1453 3728 dictj
1485 3640 1604 3708 altaris

248 3749 413 3836 capellani
431 3749 513 3818 inibi
529 3751 717 3820 seruierunt
733 3751 768 3818 in
783 3749 906 3818 divinis
921 3749 1068 3817 cultibus
1083 3747 1193 3814 solitis
1207 3755 1241 3814 et
1257 3743 1428 3814 consuetis
1443 3743 1604 3812 adminis-

248 3863 379 3922 traturo
407 3877 486 3922 cum
516 3855 731 3941 possessione
758 3855 887 3942 prefate
917 3851 1104 3940 capellanie
1136 3849 1254 3918 altaris
1287 3849 1455 3936 prenotatj
1490 3849 1603 3917 debita

248 3959 449 4044 exequentia
470 3961 653 4028 mandante
673 3959 886 4046 presencium
901 3967 1017 4028 tenore
1032 3958 1205 4026 literarum
1228 3953 1385 4024 omnibus
1405 3963 1438 4020 et
1462 3949 1604 4038 singulis

250 4063 372 4147 quibus
401 4063 542 4130 interest
568 4073 627 4132 aut
652 4063 803 4130 intererit
834 4073 892 4131 aut
918 4063 1082 4130 interesse
1111 4059 1234 4148 poterit
1264 4057 1390 4126 nostris
1419 4055 1604 4125 convicinis

249 4177 417 4253 quatenus
432 4169 541 4237 eidem
558 4169 720 4254 magistro
742 4169 936 4238 allexandro
951 4169 1005 4236 vel
1021 4167 1093 4236 suis
1115 4164 1387 4254 procuratoribus
1402 4162 1604 4248 quibuscun-

250 4295 314 4359 que
329 4277 371 4342 de
385 4275 552 4344 vniuersis
573 4285 607 4342 et
626 4275 770 4362 singulis
790 4275 956 4344 fructibus
977 4274 1163 4343 redditibus
1184 4269 1458 4359 peruenientibus
1480 4269 1604 4336 obuen-

249 4378 402 4448 cionibus
419 4379 650 4448 oblacionibus
665 4379 904 4448 emolumentis
921 4378 1121 4464 Iuribusque
1136 4386 1169 4444 et
1185 4373 1403 4464 pertinenciis
1419 4363 1605 4458 capellanie
1686 4471 1688 4475 ι

249 4483 331 4550 dicti
347 4485 465 4552 altaris
478 4487 576 4552 beate
592 4485 697 4552 marie
713 4485 747 4552 in
771 4485 910 4552 statutis
925 4485 1003 4570 annj
1021 4471 1176 4550 te'rminis
1190 4477 1422 4568 penthecostis
1437 4487 1471 4544 et
1495 4477 1605 4546 sancti

249 4589 386 4660 martirii
402 4589 436 4656 in
451 4613 549 4682 yeme
570 4589 864 4678 proportionaliter
878 4599 914 4662 vt
931 4591 1030 4664 solito
1050 4597 1205 4684 prompte
1220 4587 1444 4680 respondeant
1463 4592 1604 4674 pareant
