4490 5990
636 709 679 777 94
728 689 893 756 Fundacio
908 688 1018 755 altaris
1034 687 1145 756 Samii
1158 687 1324 754 saluatoris
1333 691 1392 774 per
1405 687 1569 754 Aodream
1582 708 1711 774 mornay
1728 687 1907 776 bergamen

635 863 882 948 imperpetuum
907 863 999 930 Dum
1023 871 1138 930 tamen
1163 863 1258 928 Idem
1282 861 1433 927 Andreas
1456 869 1490 927 et
1513 861 1653 928 heredes
1676 861 1728 928 sui
1753 861 1861 929 eidem
1885 863 1994 950 capel-

500 961 503 968 ’
635 969 724 1037 lanie
754 989 831 1035 cum
861 968 1033 1036 vacauerit
1063 968 1149 1035 inira
1178 969 1320 1035 duorum
1354 965 1522 1034 mensium
1553 967 1700 1053 spatium
1722 969 1891 1056 ydoneum
1922 991 1993 1055 pre-

635 1073 819 1140 sentauerit
843 1072 1055 1159 capellanum
1078 1072 1216 1158 quodsi
1238 1073 1348 1138 facere
1369 1071 1549 1137 neclexerit
1571 1073 1624 1138 vel
1645 1072 1849 1140 neclexerint
1870 1073 1995 1160 elapsis

634 1178 734 1246 dictis
756 1178 874 1246 diebus
891 1179 1047 1245 volumus
1067 1179 1156 1264 quod
1179 1175 1389 1264 presentacio
1412 1177 1562 1244 eiusdem
1582 1177 1768 1264 capellanie
1786 1180 1829 1246 ad
1848 1179 1994 1264 preposi-

636 1294 707 1351 tum
723 1293 756 1350 et
773 1283 929 1350 eonsules
952 1283 1102 1350 eiusdem
1118 1281 1214 1369 burgi
1229 1281 1288 1350 illa
1302 1282 1375 1349 vice
1390 1283 1554 1350 duntaxat
1577 1281 1677 1368 pleno
1699 1283 1771 1350 uire
1795 1283 1996 1352 deuoluatur

636 1391 676 1456 In
706 1387 803 1456 cuius
831 1388 879 1455 rei
911 1387 1144 1456 testimonium
1183 1385 1331 1472 sigillum
1365 1407 1479 1454 meum
1517 1387 1664 1474 presenti
1701 1395 1793 1456 carte
1830 1408 1905 1454 mee
1942 1395 1994 1454 est

634 1514 821 1581 appensum
845 1501 879 1559 et
902 1494 945 1560 ad
968 1491 1129 1560 maiorem
1153 1490 1254 1559 huius
1272 1491 1319 1577 rej
1342 1491 1551 1560 euidenciam
1573 1501 1606 1558 et
1630 1491 1863 1559 testimonium
1884 1491 1995 1578 sigilla

570 1613 573 1622 ·
635 1597 851 1685 prouidorum
867 1597 1013 1694 virorum
1034 1597 1165 1685 patricii
1186 1599 1227 1664 de
1248 1595 1457 1666 badzenocht
1473 1607 1506 1663 et
1527 1597 1628 1664 dauid
1643 1598 1684 1665 de
1699 1618 1834 1665 camera
1852 1599 1994 1664 duorum

549 1785 553 1794 .
635 1703 836 1772 balliuorum
860 1703 1085 1790 predictorum
1109 1705 1290 1788 burgorum
1310 1704 1351 1770 de
1366 1701 1513 1770 Abirden
1529 1711 1562 1770 et
1578 1703 1620 1769 de
1638 1702 1750 1769 kintor
1771 1704 1821 1769 Ac
1839 1704 1994 1769 datorum

637 1809 757 1878 Sasine
781 1809 909 1894 prefato
932 1809 1030 1876 altari
1051 1817 1084 1874 et
1108 1807 1283 1894 capellano
1303 1807 1453 1875 eiusdem
1472 1809 1514 1874 de
1537 1807 1695 1894 predictis
1716 1807 1839 1874 annuis
1860 1806 2013 1875 redditi·

636 1917 699 1982 bus
717 1937 794 1982 eum
814 1915 1030 2001 pertinenciis
1046 1915 1169 2000 apponi
1188 1913 1399 2000 presentibus
1422 1935 1499 1980 eum
1515 1913 1683 1980 instancia
1705 1913 1881 2000 procuraui
1905 1912 1995 1998 apud

636 2022 778 2104 burgum
805 2018 992 2104 predictum
1019 2019 1079 2084 xii⁰
1106 2018 1159 2084 die
1190 2017 1317 2084 mensis
1349 2018 1504 2084 februarii
1535 2039 1625 2084 anno
1654 2017 1782 2084 domini
1815 2017 1996 2083 millesimo

635 2123 967 2210 quadrIngentesimo
1005 2123 1283 2209 quinquagesimo
1321 2123 1465 2190 testibus
1502 2121 1753 2190 honorabilibus
1783 2132 1816 2189 et
1846 2121 1996 2208 prouidis

634 2229 715 2296 viris
746 2229 898 2296 Iohanne
928 2229 970 2296 de
999 2229 1150 2316 soroggis
1181 2229 1250 2296 filio
1280 2237 1362 2296 tunc
1393 2229 1562 2317 preposito
1594 2229 1747 2297 Iohanne
1776 2229 1828 2296 fin
1852 2228 1995 2314 gilberto

635 2333 784 2400 menzeis
811 2334 963 2401 Iohanne
990 2335 1031 2402 de
1062 2334 1213 2421 scroggis
1242 2344 1338 2420 patre
1365 2334 1517 2402 Iohanne
1540 2335 1582 2400 de
1608 2355 1682 2401 mar
1710 2335 1836 2402 andrea
1865 2333 1994 2400 aneroft

635 2441 761 2506 andrea
790 2439 989 2507 allansoune
1020 2441 1172 2508 Iohanne
1198 2449 1447 2508 stevounsoune
1477 2439 1699 2525 burgensibus
1724 2439 1806 2506 dicti
1832 2439 1928 2524 burgi
1954 2441 1996 2506 de

635 2543 773 2612 abirden
801 2544 953 2611 Iohanne
982 2547 1024 2612 de
1054 2566 1156 2631 spens
1178 2553 1211 2612 et
1234 2545 1416 2612 alexandro
1442 2545 1652 2611 andersoune
1677 2545 1808 2612 duobus
1835 2543 1995 2630 serjiand·

637 2669 733 2716 orum
764 2648 914 2716 eiusdem
941 2649 1036 2736 burgi
1062 2660 1096 2717 et
1123 2650 1285 2736 magistro
1313 2649 1465 2718 Iohanne
1488 2649 1607 2718 cadiou
1630 2648 1761 2718 notario
1783 2649 1917 2737 publico

724 2755 866 2822 Summa
885 2753 986 2822 huius
1003 2753 1050 2841 iiij
1071 2754 1117 2823 lib
1135 2754 1209 2842 xijs
1226 2755 1290 2842 vjd

905 2929 966 2998 Ec
992 2937 1044 2996 est
1066 2950 1146 2997 vera
1173 2927 1272 3016 copia
1297 2927 1510 2996 fundacionis
1532 2927 1720 3016 capellanie
1744 2927 1894 3014 predicte
1917 2947 1995 2994 eon·

956 3034 1099 3100 cordans
1123 3053 1201 3100 cum
1228 3054 1290 3100 suo
1313 3031 1489 3118 principalj
1521 3031 1555 3097 in
1576 3025 1743 3098 ¹omnibus
1771 3031 1996 3100 eollacionata

810 3161 870 3226 per
891 3159 954 3205 nos
976 3138 1127 3204 notarios
1149 3138 1302 3224 publicos
1326 3139 1533 3224 subscriptos
1553 3137 1600 3204 nil
1621 3138 1844 3224 personaliter
1862 3147 1995 3204 mutato

810 3267 874 3330 que
891 3244 1116 3312 substantiam
1132 3243 1180 3312 rei
1196 3255 1328 3312 mutare
1349 3255 1460 3332 potest
1481 3253 1577 3312 sexto
1592 3244 1646 3311 die
1661 3243 1789 3312 mensis
1808 3243 1995 3312 decembris

697 3391 756 3470 μ
808 3371 898 3417 anno
921 3348 1049 3416 domini
1076 3349 1257 3418 millesimo
1280 3349 1550 3436 quingentesimo
1571 3349 1733 3416 vicesimo
1757 3351 1914 3416 Secundo
1940 3351 1995 3416 In-

698 3447 757 3512 s·‘”²'
808 3453 955 3520 dictione
970 3453 1148 3521 vndecima
1163 3454 1382 3540 pontificatus
1404 3453 1610 3540 sanctissimi
1633 3454 1668 3520 in
1691 3453 1818 3522 christo
1834 3454 1940 3539 patris
1955 3475 1995 3522 ae

691 3511 752 3672 {a
809 3559 935 3644 dominj
962 3557 1088 3646 dominj
1114 3560 1219 3646 nostrj
1244 3560 1382 3646 Adrianj
1408 3582 1494 3646 pape
1519 3560 1603 3644 sextj
1630 3579 1719 3626 anno
1746 3559 1854 3645 primo
1880 3579 1994 3626 coram

699 3621 757 3720 “h
810 3663 863 3730 his
878 3663 1022 3731 testibus
1045 3663 1182 3730 domino
1198 3663 1330 3731 roberto
1349 3665 1416 3750 hay
1432 3673 1465 3732 et
1483 3663 1635 3730 Iohanne
1659 3661 1799 3730 Salmon
1820 3661 1996 3747 capellano

699 3709 757 3820 {ff
812 3769 867 3834 Ita
882 3777 933 3834 est
949 3769 1103 3834 robertus
1117 3777 1190 3834 rust
1206 3767 1359 3835 notarius
1508 3767 1679 3834 Iohannes
1694 3765 1829 3852 galloay
1843 3765 1995 3833 notarius

693 3879 696 3886 ’
813 3871 968 3958 publicus
983 3893 1086 3940 manu
1102 3871 1237 3960 propria
1507 3871 1662 3958 publicus
1677 3890 1782 3938 manu
1796 3870 1930 3958 propria

1266 4149 1368 4216 LIII.

417 4305 520 4360 totas²
729 4289 894 4358 Fundacio
908 4289 1019 4358 altaris
1034 4289 1146 4358 Sancti
1158 4289 1324 4357 salutator-u
1333 4289 1565 4462 mmmm
1578 4309 1708 4374 munay
1724 4289 1902 4375 burgorum

1210 4395 1246 4462 dc
1263 4395 1348 4462 Abir

735 4537 923 4604 MNIBUS
935 4535 1023 4604 hane
1037 4537 1175 4604 Cartam
1185 4533 1306 4602 visuris
1317 4535 1369 4602 vel
1382 4533 1547 4603 audituris
1558 4534 1710 4602 Andreas
1726 4534 1865 4620 Murray
1878 4532 1998 4602 Senior

775 4641 961 4728 Burgensis
972 4641 1068 4728 burgi
1080 4643 1121 4710 de
1133 4639 1291 4712 abirdene
1306 4650 1457 4709 eternam
1470 4639 1504 4707 in
1516 4639 1653 4709 domino
1668 4639 1813 4708 salutem
1825 4637 1998 4706 Noueritis
