4450 6008
838 691 1033 780 magnum
1572 709 1614 778 27

253 917 988 934 ..............
1031 883 1099 952 ony
1113 871 1248 934 austum
1264 885 1302 932 or
1317 863 1499 934 ordinance
1514 867 1613 934 made

253 1021 1100 1040 ................
1165 980 1202 1058 yt
1218 970 1290 1040 thai
1306 973 1347 1042 be
1362 971 1415 1040 als
1428 971 1478 1040 tre
1492 993 1532 1040 as
1547 993 1614 1058 ony

253 1127 1157 1144 .................
1218 1076 1304 1146 Thir
1323 1077 1513 1166 priuelages
1528 1079 1615 1148 War

253 1233 1211 1250 ..................
1280 1183 1346 1252 laet
1364 1185 1431 1272 day
1448 1184 1484 1252 ul
1499 1185 1613 1272 Aprile

254 1461 1325 1478 ....................
1366 1431 1433 1498 nay
1448 1411 1511 1481 has
1526 1413 1614 1482 done

253 1567 262 1582 .
314 1567 1381 1584 ....................
1441 1517 1615 1604 Vyn·lanrl

254 1671 1381 1689 .....................
1441 1625 1508 1711 day
1522 1625 1559 1692 oi
1572 1649 1615 1712 ye

254 1777 1495 1798 .......................
1514 1751 1615 1818 grace

823 1887 930 1956 cetera
947 1889 1055 1955 desum

923 2149 955 2216 F

254 2291 371 2359 Litera
398 2291 436 2359 de
463 2293 565 2360 cmm
594 2293 712 2360 tradita
739 2293 898 2380 capellano
926 2293 1037 2360 aruris
1067 2292 1149 2360 beate
1177 2293 1272 2360 Anae
1296 2313 1333 2358 ex
1355 2299 1447 2380 parte
1471 2294 1618 2380 ungislri
1641 2311 1685 2366 tol.
1699 2309 1748 2365 14¹

801 2399 954 2466 luhmmis
969 2398 1074 2484 finuly

346 2541 646 2626 [V]N1UERSlS
673 2549 705 2608 et
731 2539 873 2628 singulis
899 2541 942 2608 ad
969 2559 1111 2626 quorum
1136 2535 1280 2606 noticias
1306 2547 1480 2624 presentes
1506 2538 1617 2606 littere

256 2668 386 2736 peruen
438 2693 1614 2714 ......................

171 2817 173 2822 .
257 2751 462 2822 balliuorum
479 2752 573 2839 burgi
589 2753 630 2820 de
646 2753 820 2822 Aberdene
836 2762 987 2820 eternam
1003 2749 1038 2818 in
1054 2749 1192 2819 domino
1208 2749 1395 2818 sulutemS
1441 2799 1448 2814 .
1497 2802 1503 2816 .
1553 2802 1559 2816 .
1608 2803 1616 2817 .

256 2856 492 2928 testimonium
509 2855 682 2944 perhibere
697 2855 842 2925 Ven'tati
858 2866 892 2924 et
909 2855 1055 2924 maxime
1072 2855 1106 2922 in
1122 2855 1188 2923 hiis
1204 2877 1268 2941 que
1284 2875 1343 2940 per
1360 2855 1454 2923 Iudic
1498 2907 1504 2921 .
1553 2909 1560 2922 .
1609 2909 1615 2922 .

259 2961 367 3048 Regis
382 2983 444 3030 sua
459 2959 568 3030 officia
584 2961 760 3031 exercendi
772 2961 915 3050 juridice
931 2971 1009 3030 acta
1025 2961 1124 3030 luerit
1162 3011 1615 3030 .........

258 3065 303 3134 lis
317 3065 381 3133 Vir
395 3067 548 3155 magistri
565 3069 736 3138 Iohannes
751 3069 856 3156 finaly
871 3069 1029 3138 Vicarius
1054 3117 1618 3135 ...........

257 3171 295 3239 in
310 3193 427 3242 amore
442 3183 594 3243 matus
608 3175 791 3261 volensque
806 3173 948 3244 ecclesie
999 3221 1618 3242 ............

257 3299 299 3346 ze
314 3287 350 3346 et
364 3278 565 3348 hereditarie
579 3290 743 3368 tanquam
759 3303 859 3349 suum
874 3301 991 3350 verum
1053 3327 1618 3346 ...........

258 3405 321 3471 pro
337 3384 452 3454 anima
468 3407 530 3454 sua
546 3385 790 3472 animabusque
806 3395 984 3474 parentum
1001 3405 1139 3453 suorum
1165 3431 1618 3448 .........

259 3489 309 3558 rei
325 3491 523 3560 memoriam
540 3503 573 3562 ct
589 3515 666 3560 cum
684 3493 851 3560 instancia
867 3515 935 3580 qua
998 3533 1646 3558 .............

259 3607 386 3666 terram
403 3620 501 3668 suam
517 3597 719 3668 anteriorem
737 3621 838 3686 quam
855 3597 971 3686 propio
998 3643 1282 3664 ......
1291 3617 1296 3628 ·
1332 3641 1616 3656 ......

259 3712 387 3771 terram
403 3703 549 3774 Walteri
566 3703 704 3794 aghneif
716 3727 757 3772 ex
772 3703 864 3772 orien
887 3744 1617 3770 ..............

261 3819 359 3898 parte
373 3811 416 3878 ab
424 3809 539 3920 ¹altera
554 3813 587 3878 e't
603 3832 819 3880 communem
835 3809 925 3877 viam
944 3849 1617 3874 .............

221 3919 228 3932 '
260 3935 380 3982 versus
395 3925 549 3984 austrum
566 3919 607 3984 ad
624 3917 773 3986 dandum
789 3915 938 3984 sasinam
997 3957 1617 3979 ............

261 4019 379 4088 thome
394 4019 533 4090 davides
548 4021 723 4112 capellano
739 4021 856 4091 altaris
888 4061 1450 4088 ···········
1477 4063 1506 4092 .·
1555 4062 1562 4076 ·
1610 4062 1617 4076 ·

261 4126 516 4196 successoribus
531 4149 591 4216 pro
606 4137 769 4216 perpetuu
784 4146 1019 4196 remansurum
1056 4167 1618 4190 ...........

261 4229 327 4299 alis
343 4242 479 4301 monete
495 4233 605 4302 scocie
621 4257 685 4322 que
700 4233 804 4304 etiam
830 4271 1617 4300 ...............

260 4345 359 4404 sente
374 4337 409 4404 in
424 4337 532 4407 fotino
551 4337 638 4408 inter
653 4349 761 4410 terras
776 4339 946 4428 quondam
962 4335 1009 4406 W
1056 4375 1618 4402 ...........
1693 4339 1705 4356 '

260 4463 303 4510 ex
318 4443 445 4514 boreali
462 4455 558 4532 parte
574 4449 615 4514 de
631 4467 697 4532 qua
714 4446 793 4532 quid
833 4481 1619 4512 ···············

261 4549 360 4619 beate
376 4551 475 4618 Anne
491 4561 525 4619 et
541 4551 593 4618 sui
610 4573 823 4622 successores
839 4572 901 4637 cap
946 4585 1619 4616 ·············
1680 4583 1685 4596 ·

260 4677 321 4742 per
335 4657 534 4743 capellanos
549 4657 638 4726 dicte
654 4657 796 4728 ecclesie
811 4659 878 4726 duo
946 4691 1619 4722 ·············
