<?xml version="1.0" encoding="UTF-8"?>
<!DOCTYPE html PUBLIC "-//W3C//DTD XHTML 1.0 Transitional//EN"
    "http://www.w3.org/TR/xhtml1/DTD/xhtml1-transitional.dtd">
<html xmlns="http://www.w3.org/1999/xhtml" xml:lang="en" lang="en">
 <head>
  <title>
</title>
<meta http-equiv="Content-Type" content="text/html;charset=utf-8" />
  <meta name='ocr-system' content='tesseract 3.04.00' />
  <meta name='ocr-capabilities' content='ocr_page ocr_carea ocr_par ocr_line ocrx_word'/>
</head>
<body>
  <div class='ocr_page' id='page_1' title='image "./cartulariumeccl00logagoog_0231.png"; bbox 0 0 4460 5984; ppageno 0'>
   <div class='ocr_carea' id='block_1_1' title="bbox 722 693 1661 778">
    <p class='ocr_par' dir='ltr' id='par_1_1' title="bbox 722 693 1661 778">
     <span class='ocr_line' id='line_1_1' title="bbox 722 693 1661 778; baseline 0.001 -18"><span class='ocrx_word' id='word_1_1' title='bbox 722 693 822 760; x_wconf 73' lang='lat' dir='ltr'><strong>Cana</strong></span> <span class='ocrx_word' id='word_1_2' title='bbox 843 693 980 760; x_wconf 79' lang='lat' dir='ltr'><strong><em>Domini</em></strong></span> <span class='ocrx_word' id='word_1_3' title='bbox 1001 695 1116 762; x_wconf 80' lang='lat' dir='ltr'><strong>Dauid</strong></span> <span class='ocrx_word' id='word_1_4' title='bbox 1140 695 1236 762; x_wconf 78' lang='lat' dir='ltr'><strong>Waru</strong></span> <span class='ocrx_word' id='word_1_5' title='bbox 1598 713 1661 778; x_wconf 82' lang='lat'><strong>203</strong></span> 
     </span>
    </p>
   </div>
   <div class='ocr_carea' id='block_1_2' title="bbox 247 861 1661 4078">
    <p class='ocr_par' dir='ltr' id='par_1_2' title="bbox 247 861 1661 4078">
     <span class='ocr_line' id='line_1_2' title="bbox 301 861 1661 952; baseline 0.004 -24"><span class='ocrx_word' id='word_1_6' title='bbox 301 861 462 947; x_wconf 88' lang='lat' dir='ltr'><strong>magister</strong></span> <span class='ocrx_word' id='word_1_7' title='bbox 483 862 621 932; x_wconf 88' lang='lat' dir='ltr'><strong>thomas</strong></span> <span class='ocrx_word' id='word_1_8' title='bbox 643 883 771 932; x_wconf 90' lang='lat' dir='ltr'><strong>nouum</strong></span> <span class='ocrx_word' id='word_1_9' title='bbox 793 866 978 952; x_wconf 74' lang='lat' dir='ltr'><strong>reedificari</strong></span> <span class='ocrx_word' id='word_1_10' title='bbox 1002 867 1080 936; x_wconf 86' lang='lat' dir='ltr'><strong>lecit</strong></span> <span class='ocrx_word' id='word_1_11' title='bbox 1107 877 1236 936; x_wconf 91' lang='lat' dir='ltr'><strong>tectum</strong></span> <span class='ocrx_word' id='word_1_12' title='bbox 1263 877 1350 934; x_wconf 89' lang='lat' dir='ltr'><strong>terre</strong></span> <span class='ocrx_word' id='word_1_13' title='bbox 1376 867 1553 936; x_wconf 89' lang='lat' dir='ltr'><strong>anterioris</strong></span> <span class='ocrx_word' id='word_1_14' title='bbox 1579 867 1661 935; x_wconf 90' lang='lat' dir='ltr'><strong>dicti</strong></span> 
     </span>
     <span class='ocr_line' id='line_1_3' title="bbox 300 968 1660 1057; baseline 0.003 -23"><span class='ocrx_word' id='word_1_15' title='bbox 300 969 484 1052; x_wconf 88' lang='lat' dir='ltr'><strong>tenementj</strong></span> <span class='ocrx_word' id='word_1_16' title='bbox 513 968 547 1035; x_wconf 93' lang='lat' dir='ltr'><strong>in</strong></span> <span class='ocrx_word' id='word_1_17' title='bbox 574 969 678 1054; x_wconf 87' lang='lat' dir='ltr'><strong>tignis</strong></span> <span class='ocrx_word' id='word_1_18' title='bbox 704 970 828 1056; x_wconf 88' lang='lat' dir='ltr'><strong>tegulis</strong></span> <span class='ocrx_word' id='word_1_19' title='bbox 854 981 887 1038; x_wconf 90' lang='lat' dir='ltr'><strong>et</strong></span> <span class='ocrx_word' id='word_1_20' title='bbox 914 972 1036 1040; x_wconf 86' lang='lat' dir='ltr'><strong>ceteris</strong></span> <span class='ocrx_word' id='word_1_21' title='bbox 1061 971 1262 1056; x_wconf 87' lang='lat' dir='ltr'><strong>necessarijs</strong></span> <span class='ocrx_word' id='word_1_22' title='bbox 1292 971 1363 1038; x_wconf 91' lang='lat' dir='ltr'><strong>suis</strong></span> <span class='ocrx_word' id='word_1_23' title='bbox 1393 972 1584 1057; x_wconf 79' lang='lat' dir='ltr'>sumptibus</span> <span class='ocrx_word' id='word_1_24' title='bbox 1614 973 1660 1038; x_wconf 91' lang='lat' dir='ltr'><strong>Et</strong></span> 
     </span>
     <span class='ocr_line' id='line_1_4' title="bbox 302 1073 1660 1163; baseline 0.002 -24"><span class='ocrx_word' id='word_1_25' title='bbox 302 1073 471 1158; x_wconf 88' lang='lat' dir='ltr'><strong>Impensis</strong></span> <span class='ocrx_word' id='word_1_26' title='bbox 497 1075 544 1140; x_wconf 92' lang='lat' dir='ltr'><strong>Et</strong></span> <span class='ocrx_word' id='word_1_27' title='bbox 570 1095 631 1160; x_wconf 92' lang='lat' dir='ltr'><strong>pro</strong></span> <span class='ocrx_word' id='word_1_28' title='bbox 656 1075 870 1144; x_wconf 84' lang='lat' dir='ltr'><strong>edificatione</strong></span> <span class='ocrx_word' id='word_1_29' title='bbox 895 1077 1146 1144; x_wconf 87' lang='lat' dir='ltr'><strong>constructione</strong></span> <span class='ocrx_word' id='word_1_30' title='bbox 1170 1088 1204 1144; x_wconf 95' lang='lat' dir='ltr'><strong>et</strong></span> <span class='ocrx_word' id='word_1_31' title='bbox 1230 1077 1442 1163; x_wconf 79' lang='lat' dir='ltr'><strong>reparatione</strong></span> <span class='ocrx_word' id='word_1_32' title='bbox 1472 1087 1660 1144; x_wconf 83' lang='lat' dir='ltr'><strong>ceterarum</strong></span> 
     </span>
     <span class='ocr_line' id='line_1_5' title="bbox 299 1179 1659 1266; baseline 0.001 -20"><span class='ocrx_word' id='word_1_33' title='bbox 299 1179 447 1263; x_wconf 77' lang='lat' dir='ltr'><strong>partium</strong></span> <span class='ocrx_word' id='word_1_34' title='bbox 467 1179 549 1248; x_wconf 91' lang='lat' dir='ltr'><strong>dicti</strong></span> <span class='ocrx_word' id='word_1_35' title='bbox 564 1182 748 1266; x_wconf 84' lang='lat' dir='ltr'><strong>tenementj</strong></span> <span class='ocrx_word' id='word_1_36' title='bbox 764 1183 839 1248; x_wconf 91' lang='lat' dir='ltr'><strong>lam</strong></span> <span class='ocrx_word' id='word_1_37' title='bbox 851 1183 974 1250; x_wconf 83' lang='lat' dir='ltr'><strong>veteris</strong></span> <span class='ocrx_word' id='word_1_38' title='bbox 988 1193 1022 1250; x_wconf 89' lang='lat' dir='ltr'><strong>et</strong></span> <span class='ocrx_word' id='word_1_39' title='bbox 1038 1183 1166 1250; x_wconf 91' lang='lat' dir='ltr'><strong>ruinosi</strong></span> <span class='ocrx_word' id='word_1_40' title='bbox 1182 1204 1222 1250; x_wconf 90' lang='lat' dir='ltr'><strong>ac</strong></span> <span class='ocrx_word' id='word_1_41' title='bbox 1239 1181 1460 1248; x_wconf 83' lang='lat' dir='ltr'><strong>imminenter</strong></span> <span class='ocrx_word' id='word_1_42' title='bbox 1475 1183 1519 1248; x_wconf 82' lang='lat' dir='ltr'><strong>ad</strong></span> <span class='ocrx_word' id='word_1_43' title='bbox 1534 1191 1659 1248; x_wconf 86' lang='lat' dir='ltr'><strong>terram</strong></span> 
     </span>
     <span class='ocr_line' id='line_1_6' title="bbox 300 1285 1659 1373; baseline 0.001 -23"><span class='ocrx_word' id='word_1_44' title='bbox 300 1285 451 1352; x_wconf 88' lang='lat' dir='ltr'><strong>occasuri</strong></span> <span class='ocrx_word' id='word_1_45' title='bbox 475 1285 504 1352; x_wconf 91' lang='lat' dir='ltr'><strong>si</strong></span> <span class='ocrx_word' id='word_1_46' title='bbox 526 1305 594 1354; x_wconf 92' lang='lat' dir='ltr'><strong>non</strong></span> <span class='ocrx_word' id='word_1_47' title='bbox 617 1285 726 1353; x_wconf 90' lang='lat' dir='ltr'><strong>eidem</strong></span> <span class='ocrx_word' id='word_1_48' title='bbox 753 1287 865 1355; x_wconf 88' lang='lat' dir='ltr'><strong>subito</strong></span> <span class='ocrx_word' id='word_1_49' title='bbox 891 1298 1060 1373; x_wconf 86' lang='lat' dir='ltr'>prestetur</span> <span class='ocrx_word' id='word_1_50' title='bbox 1086 1287 1293 1356; x_wconf 87' lang='lat' dir='ltr'><strong>Instauratio</strong></span> <span class='ocrx_word' id='word_1_51' title='bbox 1318 1287 1597 1354; x_wconf 86' lang='lat' dir='ltr'>TENENDUM</span> <span class='ocrx_word' id='word_1_52' title='bbox 1626 1295 1659 1352; x_wconf 93' lang='lat' dir='ltr'><strong>et</strong></span> 
     </span>
     <span class='ocr_line' id='line_1_7' title="bbox 299 1386 1659 1476; baseline 0.001 -23"><span class='ocrx_word' id='word_1_53' title='bbox 299 1386 491 1456; x_wconf 91' lang='lat' dir='ltr'><strong>habendum</strong></span> <span class='ocrx_word' id='word_1_54' title='bbox 514 1397 625 1456; x_wconf 92' lang='lat' dir='ltr'><strong>totum</strong></span> <span class='ocrx_word' id='word_1_55' title='bbox 647 1401 681 1456; x_wconf 91' lang='lat' dir='ltr'><strong>et</strong></span> <span class='ocrx_word' id='word_1_56' title='bbox 706 1391 880 1476; x_wconf 90' lang='lat' dir='ltr'><strong>Integrum</strong></span> <span class='ocrx_word' id='word_1_57' title='bbox 904 1391 1031 1458; x_wconf 90' lang='lat' dir='ltr'><strong>dictum</strong></span> <span class='ocrx_word' id='word_1_58' title='bbox 1054 1401 1287 1460; x_wconf 82' lang='lat' dir='ltr'><strong>tenementum</strong></span> <span class='ocrx_word' id='word_1_59' title='bbox 1312 1392 1358 1456; x_wconf 91' lang='lat' dir='ltr'><strong>Et</strong></span> <span class='ocrx_word' id='word_1_60' title='bbox 1381 1400 1493 1457; x_wconf 89' lang='lat' dir='ltr'><strong>ortum</strong></span> <span class='ocrx_word' id='word_1_61' title='bbox 1508 1389 1659 1456; x_wconf 87' lang='lat' dir='ltr'><strong>eiusdem</strong></span> 
     </span>
     <span class='ocr_line' id='line_1_8' title="bbox 300 1493 1659 1581; baseline 0.001 -23"><span class='ocrx_word' id='word_1_62' title='bbox 300 1513 377 1560; x_wconf 89' lang='lat' dir='ltr'><strong>cum</strong></span> <span class='ocrx_word' id='word_1_63' title='bbox 394 1493 465 1560; x_wconf 92' lang='lat' dir='ltr'><strong>suis</strong></span> <span class='ocrx_word' id='word_1_64' title='bbox 480 1493 692 1578; x_wconf 77' lang='lat' dir='ltr'><strong>pertinentiis</strong></span> <span class='ocrx_word' id='word_1_65' title='bbox 710 1495 839 1580; x_wconf 85' lang='lat' dir='ltr'><strong>prelato</strong></span> <span class='ocrx_word' id='word_1_66' title='bbox 857 1495 1019 1581; x_wconf 90' lang='lat' dir='ltr'><strong>magistro</strong></span> <span class='ocrx_word' id='word_1_67' title='bbox 1041 1495 1158 1562; x_wconf 92' lang='lat' dir='ltr'><strong>thome</strong></span> <span class='ocrx_word' id='word_1_68' title='bbox 1181 1517 1316 1562; x_wconf 85' lang='lat' dir='ltr'><strong>menzes</strong></span> <span class='ocrx_word' id='word_1_69' title='bbox 1339 1495 1410 1562; x_wconf 90' lang='lat' dir='ltr'><strong>suis</strong></span> <span class='ocrx_word' id='word_1_70' title='bbox 1432 1493 1611 1562; x_wconf 85' lang='lat' dir='ltr'><strong>heredibus</strong></span> <span class='ocrx_word' id='word_1_71' title='bbox 1625 1503 1659 1560; x_wconf 89' lang='lat' dir='ltr'><strong>et</strong></span> 
     </span>
     <span class='ocr_line' id='line_1_9' title="bbox 299 1598 1659 1686; baseline 0 -22"><span class='ocrx_word' id='word_1_72' title='bbox 299 1598 482 1683; x_wconf 88' lang='lat' dir='ltr'><strong>assignatis</strong></span> <span class='ocrx_word' id='word_1_73' title='bbox 498 1601 526 1665; x_wconf 82' lang='lat' dir='ltr'>A</span> <span class='ocrx_word' id='word_1_74' title='bbox 543 1619 596 1664; x_wconf 92' lang='lat' dir='ltr'><strong>me</strong></span> <span class='ocrx_word' id='word_1_75' title='bbox 612 1609 645 1664; x_wconf 85' lang='lat' dir='ltr'><strong>ct</strong></span> <span class='ocrx_word' id='word_1_76' title='bbox 662 1601 912 1668; x_wconf 86' lang='lat' dir='ltr'><strong>successoribus</strong></span> <span class='ocrx_word' id='word_1_77' title='bbox 928 1601 1012 1668; x_wconf 91' lang='lat' dir='ltr'><strong>meis</strong></span> <span class='ocrx_word' id='word_1_78' title='bbox 1028 1601 1069 1666; x_wconf 89' lang='lat' dir='ltr'><strong>de</strong></span> <span class='ocrx_word' id='word_1_79' title='bbox 1085 1621 1242 1686; x_wconf 90' lang='lat' dir='ltr'><strong>suprema</strong></span> <span class='ocrx_word' id='word_1_80' title='bbox 1260 1599 1397 1668; x_wconf 88' lang='lat' dir='ltr'><strong>domina</strong></span> <span class='ocrx_word' id='word_1_81' title='bbox 1412 1609 1528 1665; x_wconf 90' lang='lat' dir='ltr'><strong>nostra</strong></span> <span class='ocrx_word' id='word_1_82' title='bbox 1543 1598 1659 1684; x_wconf 86' lang='lat' dir='ltr'><strong>regina</strong></span> 
     </span>
     <span class='ocr_line' id='line_1_10' title="bbox 299 1699 1659 1788; baseline -0.002 -20"><span class='ocrx_word' id='word_1_83' title='bbox 299 1712 332 1768; x_wconf 92' lang='lat' dir='ltr'><strong>et</strong></span> <span class='ocrx_word' id='word_1_84' title='bbox 350 1701 420 1767; x_wconf 91' lang='lat' dir='ltr'><strong>suis</strong></span> <span class='ocrx_word' id='word_1_85' title='bbox 439 1702 688 1768; x_wconf 90' lang='lat' dir='ltr'><strong>successoribus</strong></span> <span class='ocrx_word' id='word_1_86' title='bbox 708 1703 842 1787; x_wconf 88' lang='lat' dir='ltr'><strong>regibus</strong></span> <span class='ocrx_word' id='word_1_87' title='bbox 865 1725 924 1770; x_wconf 90' lang='lat' dir='ltr'><strong>seu</strong></span> <span class='ocrx_word' id='word_1_88' title='bbox 947 1703 1072 1788; x_wconf 84' lang='lat' dir='ltr'><strong>reginis</strong></span> <span class='ocrx_word' id='word_1_89' title='bbox 1085 1703 1200 1769; x_wconf 85' lang='lat' dir='ltr'><strong>scotie</strong></span> <span class='ocrx_word' id='word_1_90' title='bbox 1223 1702 1257 1768; x_wconf 94' lang='lat' dir='ltr'><strong>in</strong></span> <span class='ocrx_word' id='word_1_91' title='bbox 1280 1703 1376 1768; x_wconf 90' lang='lat' dir='ltr'><strong>leodo</strong></span> <span class='ocrx_word' id='word_1_92' title='bbox 1400 1712 1433 1768; x_wconf 90' lang='lat' dir='ltr'><strong>et</strong></span> <span class='ocrx_word' id='word_1_93' title='bbox 1456 1699 1659 1766; x_wconf 86' lang='lat' dir='ltr'><strong>hereditaria</strong></span> 
     </span>
     <span class='ocr_line' id='line_1_11' title="bbox 299 1801 1658 1891; baseline -0.004 -19"><span class='ocrx_word' id='word_1_94' title='bbox 299 1805 500 1890; x_wconf 88' lang='lat' dir='ltr'><strong>emphiteosi</strong></span> <span class='ocrx_word' id='word_1_95' title='bbox 519 1806 766 1891; x_wconf 86' lang='lat' dir='ltr'><strong>imperpetuum</strong></span> <span class='ocrx_word' id='word_1_96' title='bbox 782 1827 822 1872; x_wconf 88' lang='lat' dir='ltr'><strong>ac</strong></span> <span class='ocrx_word' id='word_1_97' title='bbox 839 1806 872 1870; x_wconf 94' lang='lat' dir='ltr'><strong>in</strong></span> <span class='ocrx_word' id='word_1_98' title='bbox 889 1806 993 1872; x_wconf 89' lang='lat' dir='ltr'><strong>libero</strong></span> <span class='ocrx_word' id='word_1_99' title='bbox 1012 1805 1173 1891; x_wconf 82' lang='lat' dir='ltr'><strong>burgagio</strong></span> <span class='ocrx_word' id='word_1_100' title='bbox 1189 1825 1267 1870; x_wconf 90' lang='lat' dir='ltr'><strong>cum</strong></span> <span class='ocrx_word' id='word_1_101' title='bbox 1288 1803 1379 1871; x_wconf 91' lang='lat' dir='ltr'><strong>omni</strong></span> <span class='ocrx_word' id='word_1_102' title='bbox 1400 1804 1477 1868; x_wconf 90' lang='lat' dir='ltr'><strong>lure</strong></span> <span class='ocrx_word' id='word_1_103' title='bbox 1494 1803 1540 1868; x_wconf 86' lang='lat' dir='ltr'><strong>Et</strong></span> <span class='ocrx_word' id='word_1_104' title='bbox 1557 1801 1658 1868; x_wconf 91' lang='lat' dir='ltr'><strong>Iuris·</strong></span> 
     </span>
     <span class='ocr_line' id='line_1_12' title="bbox 298 1905 1658 1993; baseline -0.002 -19"><span class='ocrx_word' id='word_1_105' title='bbox 298 1908 428 1976; x_wconf 86' lang='lat' dir='ltr'><strong>clarneo</strong></span> <span class='ocrx_word' id='word_1_106' title='bbox 458 1907 557 1974; x_wconf 93' lang='lat' dir='ltr'><strong>titulo</strong></span> <span class='ocrx_word' id='word_1_107' title='bbox 587 1907 790 1993; x_wconf 87' lang='lat' dir='ltr'><strong>proprietate</strong></span> <span class='ocrx_word' id='word_1_108' title='bbox 820 1917 853 1973; x_wconf 90' lang='lat' dir='ltr'><strong>et</strong></span> <span class='ocrx_word' id='word_1_109' title='bbox 884 1907 1096 1992; x_wconf 88' lang='lat' dir='ltr'><strong>possessione</strong></span> <span class='ocrx_word' id='word_1_110' title='bbox 1126 1929 1203 1972; x_wconf 93' lang='lat' dir='ltr'><strong>cum</strong></span> <span class='ocrx_word' id='word_1_111' title='bbox 1234 1906 1356 1974; x_wconf 91' lang='lat' dir='ltr'><strong>debitis</strong></span> <span class='ocrx_word' id='word_1_112' title='bbox 1385 1905 1595 1990; x_wconf 85' lang='lat' dir='ltr'><strong>longitudine</strong></span> <span class='ocrx_word' id='word_1_113' title='bbox 1624 1913 1658 1972; x_wconf 89' lang='lat' dir='ltr'><strong>et</strong></span> 
     </span>
     <span class='ocr_line' id='line_1_13' title="bbox 298 2003 1657 2098; baseline -0.001 -18"><span class='ocrx_word' id='word_1_114' title='bbox 298 2003 476 2081; x_wconf 85' lang='lat' dir='ltr'><strong>latitudine</strong></span> <span class='ocrx_word' id='word_1_115' title='bbox 503 2015 590 2082; x_wconf 87' lang='lat' dir='ltr'><strong>Cum</strong></span> <span class='ocrx_word' id='word_1_116' title='bbox 617 2013 758 2098; x_wconf 89' lang='lat' dir='ltr'><strong>edificijs</strong></span> <span class='ocrx_word' id='word_1_117' title='bbox 787 2015 931 2098; x_wconf 88' lang='lat' dir='ltr'><strong>desuper</strong></span> <span class='ocrx_word' id='word_1_118' title='bbox 959 2013 1163 2080; x_wconf 89' lang='lat' dir='ltr'><strong>constructis</strong></span> <span class='ocrx_word' id='word_1_119' title='bbox 1186 2023 1220 2080; x_wconf 90' lang='lat' dir='ltr'><strong>et</strong></span> <span class='ocrx_word' id='word_1_120' title='bbox 1242 2011 1478 2080; x_wconf 88' lang='lat' dir='ltr'><strong>construendis</strong></span> <span class='ocrx_word' id='word_1_121' title='bbox 1500 2013 1550 2078; x_wconf 87' lang='lat' dir='ltr'><strong>Ac</strong></span> <span class='ocrx_word' id='word_1_122' title='bbox 1580 2032 1657 2078; x_wconf 89' lang='lat' dir='ltr'><strong>cum</strong></span> 
     </span>
     <span class='ocr_line' id='line_1_14' title="bbox 298 2115 1657 2200; baseline 0 -18"><span class='ocrx_word' id='word_1_123' title='bbox 298 2115 455 2184; x_wconf 89' lang='lat' dir='ltr'><strong>omnibus</strong></span> <span class='ocrx_word' id='word_1_124' title='bbox 477 2115 555 2200; x_wconf 89' lang='lat' dir='ltr'><strong>alijs</strong></span> <span class='ocrx_word' id='word_1_125' title='bbox 577 2125 611 2182; x_wconf 91' lang='lat' dir='ltr'><strong>et</strong></span> <span class='ocrx_word' id='word_1_126' title='bbox 634 2115 776 2200; x_wconf 90' lang='lat' dir='ltr'><strong>singulis</strong></span> <span class='ocrx_word' id='word_1_127' title='bbox 799 2116 1012 2184; x_wconf 86' lang='lat' dir='ltr'><strong>libertatibus</strong></span> <span class='ocrx_word' id='word_1_128' title='bbox 1035 2117 1332 2184; x_wconf 88' lang='lat' dir='ltr'><strong>commoditatibus</strong></span> <span class='ocrx_word' id='word_1_129' title='bbox 1347 2127 1381 2183; x_wconf 94' lang='lat' dir='ltr'><strong>et</strong></span> <span class='ocrx_word' id='word_1_130' title='bbox 1397 2115 1595 2182; x_wconf 89' lang='lat' dir='ltr'><strong>asiamentis</strong></span> <span class='ocrx_word' id='word_1_131' title='bbox 1618 2135 1657 2182; x_wconf 90' lang='lat' dir='ltr'><strong>ac</strong></span> 
     </span>
     <span class='ocr_line' id='line_1_15' title="bbox 300 2219 1657 2308; baseline 0.001 -22"><span class='ocrx_word' id='word_1_132' title='bbox 300 2221 405 2288; x_wconf 90' lang='lat' dir='ltr'><strong>Iustis</strong></span> <span class='ocrx_word' id='word_1_133' title='bbox 427 2219 499 2286; x_wconf 90' lang='lat' dir='ltr'><strong>suis</strong></span> <span class='ocrx_word' id='word_1_134' title='bbox 521 2221 733 2306; x_wconf 71' lang='lat' dir='ltr'><strong>pertinentiis</strong></span> <span class='ocrx_word' id='word_1_135' title='bbox 756 2221 1011 2307; x_wconf 89' lang='lat' dir='ltr'><strong>quibuscunque</strong></span> <span class='ocrx_word' id='word_1_136' title='bbox 1034 2223 1149 2308; x_wconf 91' lang='lat' dir='ltr'><strong>procul</strong></span> <span class='ocrx_word' id='word_1_137' title='bbox 1170 2232 1203 2289; x_wconf 89' lang='lat' dir='ltr'><strong>et</strong></span> <span class='ocrx_word' id='word_1_138' title='bbox 1223 2243 1325 2308; x_wconf 92' lang='lat' dir='ltr'><strong>prope</strong></span> <span class='ocrx_word' id='word_1_139' title='bbox 1349 2223 1391 2288; x_wconf 93' lang='lat' dir='ltr'><strong>ad</strong></span> <span class='ocrx_word' id='word_1_140' title='bbox 1415 2221 1542 2287; x_wconf 91' lang='lat' dir='ltr'><strong>dictum</strong></span> <span class='ocrx_word' id='word_1_141' title='bbox 1566 2231 1657 2288; x_wconf 90' lang='lat' dir='ltr'><strong>tene·</strong></span> 
     </span>
     <span class='ocr_line' id='line_1_16' title="bbox 297 2325 1658 2413; baseline -0.001 -21"><span class='ocrx_word' id='word_1_142' title='bbox 297 2336 450 2392; x_wconf 90' lang='lat' dir='ltr'><strong>mentum</strong></span> <span class='ocrx_word' id='word_1_143' title='bbox 480 2349 558 2394; x_wconf 87' lang='lat' dir='ltr'><strong>curn</strong></span> <span class='ocrx_word' id='word_1_144' title='bbox 585 2326 798 2412; x_wconf 88' lang='lat' dir='ltr'><strong>pertinentijs</strong></span> <span class='ocrx_word' id='word_1_145' title='bbox 825 2327 1057 2413; x_wconf 88' lang='lat' dir='ltr'><strong>spectantibus</strong></span> <span class='ocrx_word' id='word_1_146' title='bbox 1084 2349 1143 2394; x_wconf 89' lang='lat' dir='ltr'><strong>seu</strong></span> <span class='ocrx_word' id='word_1_147' title='bbox 1172 2329 1266 2394; x_wconf 90' lang='lat' dir='ltr'><strong>Iuste</strong></span> <span class='ocrx_word' id='word_1_148' title='bbox 1293 2337 1445 2412; x_wconf 91' lang='lat' dir='ltr'><strong>spectare</strong></span> <span class='ocrx_word' id='word_1_149' title='bbox 1467 2325 1658 2392; x_wconf 88' lang='lat' dir='ltr'><strong>valentibus</strong></span> 
     </span>
     <span class='ocr_line' id='line_1_17' title="bbox 297 2430 1657 2518; baseline -0.001 -21"><span class='ocrx_word' id='word_1_150' title='bbox 297 2431 547 2516; x_wconf 89' lang='lat' dir='ltr'><strong>quomodolibet</strong></span> <span class='ocrx_word' id='word_1_151' title='bbox 562 2431 597 2497; x_wconf 94' lang='lat' dir='ltr'><strong>in</strong></span> <span class='ocrx_word' id='word_1_152' title='bbox 612 2431 762 2498; x_wconf 88' lang='lat' dir='ltr'><strong>futurum</strong></span> <span class='ocrx_word' id='word_1_153' title='bbox 777 2433 870 2498; x_wconf 87' lang='lat' dir='ltr'><strong>Adeo</strong></span> <span class='ocrx_word' id='word_1_154' title='bbox 887 2432 989 2500; x_wconf 85' lang='lat' dir='ltr'><strong>libere</strong></span> <span class='ocrx_word' id='word_1_155' title='bbox 1007 2433 1119 2518; x_wconf 90' lang='lat' dir='ltr'><strong>quiete</strong></span> <span class='ocrx_word' id='word_1_156' title='bbox 1142 2431 1290 2518; x_wconf 88' lang='lat' dir='ltr'><strong>plenarie</strong></span> <span class='ocrx_word' id='word_1_157' title='bbox 1317 2433 1451 2516; x_wconf 88' lang='lat' dir='ltr'><strong>Integre</strong></span> <span class='ocrx_word' id='word_1_158' title='bbox 1474 2430 1657 2497; x_wconf 88' lang='lat' dir='ltr'><strong>honorifice</strong></span> 
     </span>
     <span class='ocr_line' id='line_1_18' title="bbox 297 2535 1656 2622; baseline -0.001 -18"><span class='ocrx_word' id='word_1_159' title='bbox 297 2538 381 2604; x_wconf 88' lang='lat' dir='ltr'><strong>bene</strong></span> <span class='ocrx_word' id='word_1_160' title='bbox 396 2545 430 2602; x_wconf 88' lang='lat' dir='ltr'><strong>et</strong></span> <span class='ocrx_word' id='word_1_161' title='bbox 446 2536 481 2602; x_wconf 91' lang='lat' dir='ltr'><strong>in</strong></span> <span class='ocrx_word' id='word_1_162' title='bbox 497 2557 581 2622; x_wconf 89' lang='lat' dir='ltr'><strong>pace</strong></span> <span class='ocrx_word' id='word_1_163' title='bbox 596 2536 631 2602; x_wconf 93' lang='lat' dir='ltr'><strong>in</strong></span> <span class='ocrx_word' id='word_1_164' title='bbox 647 2537 804 2604; x_wconf 90' lang='lat' dir='ltr'><strong>omnibus</strong></span> <span class='ocrx_word' id='word_1_165' title='bbox 820 2537 866 2603; x_wconf 88' lang='lat' dir='ltr'><strong>Et</strong></span> <span class='ocrx_word' id='word_1_166' title='bbox 882 2559 941 2622; x_wconf 90' lang='lat' dir='ltr'><strong>per</strong></span> <span class='ocrx_word' id='word_1_167' title='bbox 960 2537 1075 2604; x_wconf 90' lang='lat' dir='ltr'><strong>omnia</strong></span> <span class='ocrx_word' id='word_1_168' title='bbox 1091 2537 1178 2605; x_wconf 90' lang='lat' dir='ltr'><strong>sicut</strong></span> <span class='ocrx_word' id='word_1_169' title='bbox 1194 2537 1307 2622; x_wconf 88' lang='lat' dir='ltr'><strong>aliqua</strong></span> <span class='ocrx_word' id='word_1_170' title='bbox 1322 2547 1411 2604; x_wconf 90' lang='lat' dir='ltr'><strong>terra</strong></span> <span class='ocrx_word' id='word_1_171' title='bbox 1426 2535 1513 2602; x_wconf 89' lang='lat' dir='ltr'><strong>infra</strong></span> <span class='ocrx_word' id='word_1_172' title='bbox 1528 2535 1656 2602; x_wconf 92' lang='lat' dir='ltr'><strong>dictum</strong></span> 
     </span>
     <span class='ocr_line' id='line_1_19' title="bbox 247 2639 1658 2726; baseline 0.001 -22"><span class='ocrx_word' id='word_1_173' title='bbox 247 2685 255 2704; x_wconf 91' lang='lat'><strong>.</strong></span> <span class='ocrx_word' id='word_1_174' title='bbox 296 2643 440 2726; x_wconf 89' lang='lat' dir='ltr'><strong>burgum</strong></span> <span class='ocrx_word' id='word_1_175' title='bbox 464 2643 576 2710; x_wconf 90' lang='lat' dir='ltr'><strong>Datur</strong></span> <span class='ocrx_word' id='word_1_176' title='bbox 601 2643 732 2710; x_wconf 90' lang='lat' dir='ltr'><strong>locatur</strong></span> <span class='ocrx_word' id='word_1_177' title='bbox 757 2643 953 2710; x_wconf 87' lang='lat' dir='ltr'><strong>conceditur</strong></span> <span class='ocrx_word' id='word_1_178' title='bbox 979 2665 1038 2710; x_wconf 90' lang='lat' dir='ltr'><strong>seu</strong></span> <span class='ocrx_word' id='word_1_179' title='bbox 1063 2645 1104 2708; x_wconf 93' lang='lat' dir='ltr'><strong>In</strong></span> <span class='ocrx_word' id='word_1_180' title='bbox 1126 2643 1349 2710; x_wconf 89' lang='lat' dir='ltr'><strong>leudifirmam</strong></span> <span class='ocrx_word' id='word_1_181' title='bbox 1377 2640 1559 2708; x_wconf 87' lang='lat' dir='ltr'><strong>dimittitur</strong></span> <span class='ocrx_word' id='word_1_182' title='bbox 1584 2639 1658 2706; x_wconf 89' lang='lat' dir='ltr'><strong>sine</strong></span> 
     </span>
     <span class='ocr_line' id='line_1_20' title="bbox 296 2745 1656 2832; baseline -0.003 -19"><span class='ocrx_word' id='word_1_183' title='bbox 296 2747 511 2813; x_wconf 89' lang='lat' dir='ltr'><strong>reuocatione</strong></span> <span class='ocrx_word' id='word_1_184' title='bbox 537 2747 778 2814; x_wconf 86' lang='lat' dir='ltr'><strong>reclamatione</strong></span> <span class='ocrx_word' id='word_1_185' title='bbox 801 2757 859 2816; x_wconf 88' lang='lat' dir='ltr'><strong>aut</strong></span> <span class='ocrx_word' id='word_1_186' title='bbox 883 2748 1148 2815; x_wconf 90' lang='lat' dir='ltr'><strong>contradictione</strong></span> <span class='ocrx_word' id='word_1_187' title='bbox 1171 2747 1308 2832; x_wconf 91' lang='lat' dir='ltr'><strong>aliqualj</strong></span> <span class='ocrx_word' id='word_1_188' title='bbox 1332 2745 1397 2830; x_wconf 91' lang='lat' dir='ltr'><strong>mej</strong></span> <span class='ocrx_word' id='word_1_189' title='bbox 1422 2765 1656 2812; x_wconf 89' lang='lat' dir='ltr'><strong>successorum</strong></span> 
     </span>
     <span class='ocr_line' id='line_1_21' title="bbox 297 2848 1656 2938; baseline -0.001 -22"><span class='ocrx_word' id='word_1_190' title='bbox 297 2873 448 2918; x_wconf 90' lang='lat' dir='ltr'><strong>meorum</strong></span> <span class='ocrx_word' id='word_1_191' title='bbox 465 2873 524 2918; x_wconf 88' lang='lat' dir='ltr'><strong>seu</strong></span> <span class='ocrx_word' id='word_1_192' title='bbox 540 2851 683 2918; x_wconf 91' lang='lat' dir='ltr'><strong>aliorum</strong></span> <span class='ocrx_word' id='word_1_193' title='bbox 699 2873 976 2938; x_wconf 89' lang='lat' dir='ltr'><strong>quorumcunque</strong></span> <span class='ocrx_word' id='word_1_194' title='bbox 996 2853 1242 2920; x_wconf 83' lang='lat' dir='ltr'>FACIENDO</span> <span class='ocrx_word' id='word_1_195' title='bbox 1259 2851 1336 2918; x_wconf 90' lang='lat' dir='ltr'><strong>inde</strong></span> <span class='ocrx_word' id='word_1_196' title='bbox 1352 2849 1528 2918; x_wconf 90' lang='lat' dir='ltr'><strong>annuatim</strong></span> <span class='ocrx_word' id='word_1_197' title='bbox 1545 2848 1656 2914; x_wconf 91' lang='lat' dir='ltr'><strong>dictus</strong></span> 
     </span>
     <span class='ocr_line' id='line_1_22' title="bbox 297 2953 1657 3044; baseline -0.003 -22"><span class='ocrx_word' id='word_1_198' title='bbox 297 2957 458 3041; x_wconf 88' lang='lat' dir='ltr'><strong>magister</strong></span> <span class='ocrx_word' id='word_1_199' title='bbox 487 2956 641 3024; x_wconf 91' lang='lat' dir='ltr'><strong>Thomas</strong></span> <span class='ocrx_word' id='word_1_200' title='bbox 671 2958 722 3042; x_wconf 92' lang='lat' dir='ltr'><strong>suj</strong></span> <span class='ocrx_word' id='word_1_201' title='bbox 751 2958 891 3024; x_wconf 88' lang='lat' dir='ltr'><strong>heredes</strong></span> <span class='ocrx_word' id='word_1_202' title='bbox 921 2971 954 3025; x_wconf 88' lang='lat' dir='ltr'><strong>et</strong></span> <span class='ocrx_word' id='word_1_203' title='bbox 985 2959 1148 3044; x_wconf 88' lang='lat' dir='ltr'><strong>assignatj</strong></span> <span class='ocrx_word' id='word_1_204' title='bbox 1182 2977 1337 3042; x_wconf 87' lang='lat' dir='ltr'><strong>supreme</strong></span> <span class='ocrx_word' id='word_1_205' title='bbox 1370 2953 1505 3023; x_wconf 88' lang='lat' dir='ltr'><strong>domine</strong></span> <span class='ocrx_word' id='word_1_206' title='bbox 1542 2961 1657 3019; x_wconf 88' lang='lat' dir='ltr'><strong>nostre</strong></span> 
     </span>
     <span class='ocr_line' id='line_1_23' title="bbox 297 3057 1655 3146; baseline -0.001 -22"><span class='ocrx_word' id='word_1_207' title='bbox 297 3058 427 3143; x_wconf 79' lang='lat' dir='ltr'><strong>Regino</strong></span> <span class='ocrx_word' id='word_1_208' title='bbox 442 3068 476 3124; x_wconf 89' lang='lat' dir='ltr'><strong>et</strong></span> <span class='ocrx_word' id='word_1_209' title='bbox 492 3059 563 3126; x_wconf 89' lang='lat' dir='ltr'><strong>suis</strong></span> <span class='ocrx_word' id='word_1_210' title='bbox 579 3061 829 3126; x_wconf 90' lang='lat' dir='ltr'><strong>successoribus</strong></span> <span class='ocrx_word' id='word_1_211' title='bbox 844 3060 978 3146; x_wconf 89' lang='lat' dir='ltr'><strong>regibus</strong></span> <span class='ocrx_word' id='word_1_212' title='bbox 1001 3083 1061 3128; x_wconf 88' lang='lat' dir='ltr'><strong>seu</strong></span> <span class='ocrx_word' id='word_1_213' title='bbox 1083 3060 1209 3146; x_wconf 88' lang='lat' dir='ltr'><strong>reginis</strong></span> <span class='ocrx_word' id='word_1_214' title='bbox 1224 3059 1330 3126; x_wconf 87' lang='lat' dir='ltr'><strong>scotie</strong></span> <span class='ocrx_word' id='word_1_215' title='bbox 1346 3057 1521 3126; x_wconf 88' lang='lat' dir='ltr'><strong>seruitium</strong></span> <span class='ocrx_word' id='word_1_216' title='bbox 1537 3058 1655 3142; x_wconf 92' lang='lat' dir='ltr'><strong>burga·</strong></span> 
     </span>
     <span class='ocr_line' id='line_1_24' title="bbox 295 3159 1655 3248; baseline -0.001 -20"><span class='ocrx_word' id='word_1_217' title='bbox 295 3161 387 3246; x_wconf 88' lang='lat' dir='ltr'><strong>gium</strong></span> <span class='ocrx_word' id='word_1_218' title='bbox 411 3162 452 3229; x_wconf 87' lang='lat' dir='ltr'><strong>de</strong></span> <span class='ocrx_word' id='word_1_219' title='bbox 475 3161 566 3230; x_wconf 93' lang='lat' dir='ltr'><strong>dicto</strong></span> <span class='ocrx_word' id='word_1_220' title='bbox 588 3173 783 3229; x_wconf 90' lang='lat' dir='ltr'><strong>tenemento</strong></span> <span class='ocrx_word' id='word_1_221' title='bbox 805 3163 955 3230; x_wconf 90' lang='lat' dir='ltr'><strong>debiturn</strong></span> <span class='ocrx_word' id='word_1_222' title='bbox 978 3174 1012 3229; x_wconf 93' lang='lat' dir='ltr'><strong>et</strong></span> <span class='ocrx_word' id='word_1_223' title='bbox 1036 3173 1236 3230; x_wconf 88' lang='lat' dir='ltr'><strong>consuetum</strong></span> <span class='ocrx_word' id='word_1_224' title='bbox 1259 3172 1423 3248; x_wconf 90' lang='lat' dir='ltr'><strong>quantum</strong></span> <span class='ocrx_word' id='word_1_225' title='bbox 1448 3159 1593 3247; x_wconf 90' lang='lat' dir='ltr'><strong>pertinet</strong></span> <span class='ocrx_word' id='word_1_226' title='bbox 1611 3161 1655 3226; x_wconf 91' lang='lat' dir='ltr'><strong>ad</strong></span> 
     </span>
     <span class='ocr_line' id='line_1_25' title="bbox 296 3261 1656 3332; baseline -0.001 -2"><span class='ocrx_word' id='word_1_227' title='bbox 296 3265 392 3332; x_wconf 90' lang='lat' dir='ltr'><strong>Idem</strong></span> <span class='ocrx_word' id='word_1_228' title='bbox 424 3266 565 3332; x_wconf 90' lang='lat' dir='ltr'><strong>Necnon</strong></span> <span class='ocrx_word' id='word_1_229' title='bbox 595 3267 764 3332; x_wconf 90' lang='lat' dir='ltr'><strong>reddendo</strong></span> <span class='ocrx_word' id='word_1_230' title='bbox 795 3265 879 3332; x_wconf 90' lang='lat' dir='ltr'><strong>Inde</strong></span> <span class='ocrx_word' id='word_1_231' title='bbox 910 3265 1086 3332; x_wconf 89' lang='lat' dir='ltr'><strong>annuatim</strong></span> <span class='ocrx_word' id='word_1_232' title='bbox 1113 3264 1197 3331; x_wconf 93' lang='lat' dir='ltr'><strong>mihi</strong></span> <span class='ocrx_word' id='word_1_233' title='bbox 1227 3274 1261 3332; x_wconf 94' lang='lat' dir='ltr'><strong>et</strong></span> <span class='ocrx_word' id='word_1_234' title='bbox 1291 3263 1541 3332; x_wconf 89' lang='lat' dir='ltr'><strong>successoribus</strong></span> <span class='ocrx_word' id='word_1_235' title='bbox 1571 3261 1656 3328; x_wconf 91' lang='lat' dir='ltr'><strong>meis</strong></span> 
     </span>
     <span class='ocr_line' id='line_1_26' title="bbox 295 3367 1655 3455; baseline -0.003 -20"><span class='ocrx_word' id='word_1_236' title='bbox 295 3369 480 3454; x_wconf 88' lang='lat' dir='ltr'><strong>capellanis</strong></span> <span class='ocrx_word' id='word_1_237' title='bbox 501 3369 590 3436; x_wconf 90' lang='lat' dir='ltr'><strong>dicte</strong></span> <span class='ocrx_word' id='word_1_238' title='bbox 613 3370 799 3455; x_wconf 88' lang='lat' dir='ltr'><strong>capellanie</strong></span> <span class='ocrx_word' id='word_1_239' title='bbox 823 3391 992 3437; x_wconf 87' lang='lat' dir='ltr'><strong>summam</strong></span> <span class='ocrx_word' id='word_1_240' title='bbox 1016 3391 1139 3438; x_wconf 91' lang='lat' dir='ltr'><strong>nouem</strong></span> <span class='ocrx_word' id='word_1_241' title='bbox 1162 3391 1351 3436; x_wconf 79' lang='lat' dir='ltr'><strong>mercatum</strong></span> <span class='ocrx_word' id='word_1_242' title='bbox 1369 3367 1498 3434; x_wconf 90' lang='lat' dir='ltr'><strong>vsualis</strong></span> <span class='ocrx_word' id='word_1_243' title='bbox 1520 3375 1655 3432; x_wconf 89' lang='lat' dir='ltr'><strong>monete</strong></span> 
     </span>
     <span class='ocr_line' id='line_1_27' title="bbox 293 3469 1654 3558; baseline -0.001 -21"><span class='ocrx_word' id='word_1_244' title='bbox 293 3472 387 3556; x_wconf 88' lang='lat' dir='ltr'><strong>regnj</strong></span> <span class='ocrx_word' id='word_1_245' title='bbox 420 3471 525 3538; x_wconf 87' lang='lat' dir='ltr'><strong>scotie</strong></span> <span class='ocrx_word' id='word_1_246' title='bbox 555 3474 598 3539; x_wconf 96' lang='lat' dir='ltr'><strong>ad</strong></span> <span class='ocrx_word' id='word_1_247' title='bbox 627 3474 712 3540; x_wconf 89' lang='lat' dir='ltr'><strong>duos</strong></span> <span class='ocrx_word' id='word_1_248' title='bbox 741 3473 830 3558; x_wconf 83' lang='lat' dir='ltr'><strong>Annj</strong></span> <span class='ocrx_word' id='word_1_249' title='bbox 858 3473 1021 3540; x_wconf 93' lang='lat' dir='ltr'><strong>terminos</strong></span> <span class='ocrx_word' id='word_1_250' title='bbox 1046 3473 1182 3540; x_wconf 84' lang='lat' dir='ltr'><strong>usuales</strong></span> <span class='ocrx_word' id='word_1_251' title='bbox 1208 3472 1414 3558; x_wconf 88' lang='lat' dir='ltr'><strong>penticostes</strong></span> <span class='ocrx_word' id='word_1_252' title='bbox 1439 3469 1594 3538; x_wconf 89' lang='lat' dir='ltr'><strong>videlicet</strong></span> <span class='ocrx_word' id='word_1_253' title='bbox 1621 3479 1654 3538; x_wconf 89' lang='lat' dir='ltr'><strong>et</strong></span> 
     </span>
     <span class='ocr_line' id='line_1_28' title="bbox 295 3571 1655 3661; baseline -0.001 -19"><span class='ocrx_word' id='word_1_254' title='bbox 295 3575 403 3660; x_wconf 89' lang='lat' dir='ltr'><strong>sanctj</strong></span> <span class='ocrx_word' id='word_1_255' title='bbox 432 3575 568 3660; x_wconf 87' lang='lat' dir='ltr'><strong>martinj</strong></span> <span class='ocrx_word' id='word_1_256' title='bbox 595 3575 629 3640; x_wconf 93' lang='lat' dir='ltr'><strong>in</strong></span> <span class='ocrx_word' id='word_1_257' title='bbox 656 3575 776 3660; x_wconf 89' lang='lat' dir='ltr'><strong>hyeme</strong></span> <span class='ocrx_word' id='word_1_258' title='bbox 803 3595 862 3661; x_wconf 91' lang='lat' dir='ltr'><strong>per</strong></span> <span class='ocrx_word' id='word_1_259' title='bbox 887 3576 1024 3660; x_wconf 89' lang='lat' dir='ltr'><strong>equales</strong></span> <span class='ocrx_word' id='word_1_260' title='bbox 1050 3577 1136 3642; x_wconf 91' lang='lat' dir='ltr'><strong>duas</strong></span> <span class='ocrx_word' id='word_1_261' title='bbox 1162 3575 1292 3647; x_wconf 88' lang='lat' dir='ltr'><strong>medias</strong></span> <span class='ocrx_word' id='word_1_262' title='bbox 1318 3573 1489 3661; x_wconf 85' lang='lat' dir='ltr'><strong>portiones</strong></span> <span class='ocrx_word' id='word_1_263' title='bbox 1519 3571 1655 3640; x_wconf 91' lang='lat' dir='ltr'><strong>nomine</strong></span> 
     </span>
     <span class='ocr_line' id='line_1_29' title="bbox 293 3677 1653 3768; baseline -0.001 -20"><span class='ocrx_word' id='word_1_264' title='bbox 293 3681 480 3748; x_wconf 88' lang='lat' dir='ltr'><strong>ieudifirme</strong></span> <span class='ocrx_word' id='word_1_265' title='bbox 502 3681 657 3748; x_wconf 88' lang='lat' dir='ltr'><strong>videlicet</strong></span> <span class='ocrx_word' id='word_1_266' title='bbox 684 3692 761 3748; x_wconf 93' lang='lat' dir='ltr'><strong>octo</strong></span> <span class='ocrx_word' id='word_1_267' title='bbox 785 3703 915 3749; x_wconf 84' lang='lat' dir='ltr'><strong>mercae</strong></span> <span class='ocrx_word' id='word_1_268' title='bbox 941 3703 1001 3768; x_wconf 93' lang='lat' dir='ltr'><strong>pro</strong></span> <span class='ocrx_word' id='word_1_269' title='bbox 1024 3681 1164 3768; x_wconf 92' lang='lat' dir='ltr'><strong>antiqua</strong></span> <span class='ocrx_word' id='word_1_270' title='bbox 1186 3681 1283 3748; x_wconf 89' lang='lat' dir='ltr'><strong>firma</strong></span> <span class='ocrx_word' id='word_1_271' title='bbox 1306 3681 1385 3766; x_wconf 89' lang='lat' dir='ltr'><strong>dictj</strong></span> <span class='ocrx_word' id='word_1_272' title='bbox 1411 3677 1595 3766; x_wconf 85' lang='lat' dir='ltr'><strong>tenementj</strong></span> <span class='ocrx_word' id='word_1_273' title='bbox 1620 3689 1653 3746; x_wconf 90' lang='lat' dir='ltr'><strong>et</strong></span> 
     </span>
     <span class='ocr_line' id='line_1_30' title="bbox 292 3785 1654 3873; baseline -0.001 -21"><span class='ocrx_word' id='word_1_274' title='bbox 292 3787 454 3854; x_wconf 89' lang='lat' dir='ltr'><strong>tredecim</strong></span> <span class='ocrx_word' id='word_1_275' title='bbox 466 3787 592 3854; x_wconf 81' lang='lat' dir='ltr'><strong>solidos</strong></span> <span class='ocrx_word' id='word_1_276' title='bbox 604 3797 637 3854; x_wconf 91' lang='lat' dir='ltr'><strong>et</strong></span> <span class='ocrx_word' id='word_1_277' title='bbox 650 3797 793 3872; x_wconf 90' lang='lat' dir='ltr'><strong>quatuor</strong></span> <span class='ocrx_word' id='word_1_278' title='bbox 804 3788 959 3855; x_wconf 90' lang='lat' dir='ltr'><strong>denarios</strong></span> <span class='ocrx_word' id='word_1_279' title='bbox 975 3788 1164 3856; x_wconf 90' lang='lat' dir='ltr'><strong>antedictos</strong></span> <span class='ocrx_word' id='word_1_280' title='bbox 1176 3787 1210 3853; x_wconf 89' lang='lat' dir='ltr'><strong>in</strong></span> <span class='ocrx_word' id='word_1_281' title='bbox 1223 3786 1499 3873; x_wconf 88' lang='lat' dir='ltr'><strong>augmentatione</strong></span> <span class='ocrx_word' id='word_1_282' title='bbox 1513 3785 1654 3852; x_wconf 90' lang='lat' dir='ltr'><strong>rentalis</strong></span> 
     </span>
     <span class='ocr_line' id='line_1_31' title="bbox 293 3888 1652 3977; baseline -0.003 -19"><span class='ocrx_word' id='word_1_283' title='bbox 293 3891 382 3960; x_wconf 91' lang='lat' dir='ltr'><strong>dicte</strong></span> <span class='ocrx_word' id='word_1_284' title='bbox 408 3911 483 3956; x_wconf 88' lang='lat' dir='ltr'><strong>mee</strong></span> <span class='ocrx_word' id='word_1_285' title='bbox 509 3890 694 3976; x_wconf 87' lang='lat' dir='ltr'><strong>capellanie</strong></span> <span class='ocrx_word' id='word_1_286' title='bbox 721 3901 856 3976; x_wconf 92' lang='lat' dir='ltr'><strong>propter</strong></span> <span class='ocrx_word' id='word_1_287' title='bbox 885 3897 1020 3958; x_wconf 83' lang='lat' dir='ltr'><strong>causas&#39;</strong></span> <span class='ocrx_word' id='word_1_288' title='bbox 1033 3890 1187 3977; x_wconf 88' lang='lat' dir='ltr'><strong>superius</strong></span> <span class='ocrx_word' id='word_1_289' title='bbox 1212 3909 1389 3974; x_wconf 88' lang='lat' dir='ltr'><strong>expressas</strong></span> <span class='ocrx_word' id='word_1_290' title='bbox 1414 3888 1566 3956; x_wconf 89' lang='lat' dir='ltr'><strong>Tantum</strong></span> <span class='ocrx_word' id='word_1_291' title='bbox 1593 3908 1652 3972; x_wconf 93' lang='lat' dir='ltr'><strong>pro</strong></span> 
     </span>
     <span class='ocr_line' id='line_1_32' title="bbox 293 3989 1653 4078; baseline -0.004 -16"><span class='ocrx_word' id='word_1_292' title='bbox 293 3992 384 4078; x_wconf 89' lang='lat' dir='ltr'><strong>omnj</strong></span> <span class='ocrx_word' id='word_1_293' title='bbox 402 3992 469 4060; x_wconf 85' lang='lat' dir='ltr'><strong>alio</strong></span> <span class='ocrx_word' id='word_1_294' title='bbox 484 4013 584 4058; x_wconf 91' lang='lat' dir='ltr'><strong>onere</strong></span> <span class='ocrx_word' id='word_1_295' title='bbox 606 4013 720 4058; x_wconf 85' lang='lat' dir='ltr'><strong>annuo</strong></span> <span class='ocrx_word' id='word_1_296' title='bbox 738 3991 870 4058; x_wconf 88' lang='lat' dir='ltr'><strong>redditu</strong></span> <span class='ocrx_word' id='word_1_297' title='bbox 893 3991 1031 4060; x_wconf 86' lang='lat' dir='ltr'><strong>seruitio</strong></span> <span class='ocrx_word' id='word_1_298' title='bbox 1054 3991 1195 4077; x_wconf 89' lang='lat' dir='ltr'><strong>secularj</strong></span> <span class='ocrx_word' id='word_1_299' title='bbox 1218 3991 1394 4059; x_wconf 86' lang='lat' dir='ltr'><strong>exactione</strong></span> <span class='ocrx_word' id='word_1_300' title='bbox 1410 4011 1470 4058; x_wconf 89' lang='lat' dir='ltr'><strong>seu</strong></span> <span class='ocrx_word' id='word_1_301' title='bbox 1485 3989 1653 4057; x_wconf 89' lang='lat' dir='ltr'><strong>demanda</strong></span> 
     </span>
    </p>
   </div>
   <div class='ocr_carea' id='block_1_3' title="bbox 292 4093 1653 4712">
    <p class='ocr_par' dir='ltr' id='par_1_3' title="bbox 292 4093 1653 4712">
     <span class='ocr_line' id='line_1_33' title="bbox 293 4093 1653 4184; baseline -0.004 -18"><span class='ocrx_word' id='word_1_302' title='bbox 293 4119 358 4184; x_wconf 89' lang='lat' dir='ltr'><strong>que</strong></span> <span class='ocrx_word' id='word_1_303' title='bbox 382 4099 423 4166; x_wconf 89' lang='lat' dir='ltr'><strong>dc</strong></span> <span class='ocrx_word' id='word_1_304' title='bbox 447 4098 538 4166; x_wconf 92' lang='lat' dir='ltr'><strong>dicto</strong></span> <span class='ocrx_word' id='word_1_305' title='bbox 564 4107 758 4164; x_wconf 87' lang='lat' dir='ltr'><strong>tenemento</strong></span> <span class='ocrx_word' id='word_1_306' title='bbox 784 4107 818 4163; x_wconf 92' lang='lat' dir='ltr'><strong>et</strong></span> <span class='ocrx_word' id='word_1_307' title='bbox 844 4107 918 4164; x_wconf 89' lang='lat' dir='ltr'><strong>orto</strong></span> <span class='ocrx_word' id='word_1_308' title='bbox 944 4097 1095 4164; x_wconf 90' lang='lat' dir='ltr'><strong>eiusdem</strong></span> <span class='ocrx_word' id='word_1_309' title='bbox 1121 4119 1199 4164; x_wconf 87' lang='lat' dir='ltr'><strong>cunr</strong></span> <span class='ocrx_word' id='word_1_310' title='bbox 1226 4095 1439 4182; x_wconf 90' lang='lat' dir='ltr'><strong>pertinentiis</strong></span> <span class='ocrx_word' id='word_1_311' title='bbox 1462 4093 1653 4180; x_wconf 89' lang='lat' dir='ltr'><strong>aliqualiter</strong></span> 
     </span>
     <span class='ocr_line' id='line_1_34' title="bbox 292 4203 1653 4292; baseline -0.004 -20"><span class='ocrx_word' id='word_1_312' title='bbox 292 4206 378 4292; x_wconf 88' lang='lat' dir='ltr'><strong>exigj</strong></span> <span class='ocrx_word' id='word_1_313' title='bbox 396 4205 541 4291; x_wconf 91' lang='lat' dir='ltr'><strong>poterint</strong></span> <span class='ocrx_word' id='word_1_314' title='bbox 562 4214 621 4271; x_wconf 89' lang='lat' dir='ltr'><strong>aut</strong></span> <span class='ocrx_word' id='word_1_315' title='bbox 641 4203 764 4288; x_wconf 91' lang='lat' dir='ltr'><strong>requiri</strong></span> <span class='ocrx_word' id='word_1_316' title='bbox 785 4205 832 4270; x_wconf 90' lang='lat' dir='ltr'><strong>Et</strong></span> <span class='ocrx_word' id='word_1_317' title='bbox 853 4225 915 4290; x_wconf 90' lang='lat' dir='ltr'><strong>ego</strong></span> <span class='ocrx_word' id='word_1_318' title='bbox 930 4225 1008 4271; x_wconf 91' lang='lat' dir='ltr'><strong>vero</strong></span> <span class='ocrx_word' id='word_1_319' title='bbox 1029 4203 1140 4271; x_wconf 90' lang='lat' dir='ltr'><strong>dictus</strong></span> <span class='ocrx_word' id='word_1_320' title='bbox 1157 4203 1259 4270; x_wconf 92' lang='lat' dir='ltr'><strong>dauid</strong></span> <span class='ocrx_word' id='word_1_321' title='bbox 1275 4225 1369 4270; x_wconf 89' lang='lat' dir='ltr'><strong>waus</strong></span> <span class='ocrx_word' id='word_1_322' title='bbox 1388 4211 1422 4269; x_wconf 90' lang='lat' dir='ltr'><strong>et</strong></span> <span class='ocrx_word' id='word_1_323' title='bbox 1441 4221 1653 4270; x_wconf 90' lang='lat' dir='ltr'><strong>successores</strong></span> 
     </span>
     <span class='ocr_line' id='line_1_35' title="bbox 292 4307 1651 4396; baseline -0.004 -18"><span class='ocrx_word' id='word_1_324' title='bbox 292 4312 358 4396; x_wconf 87' lang='lat' dir='ltr'><strong>mej</strong></span> <span class='ocrx_word' id='word_1_325' title='bbox 381 4309 545 4396; x_wconf 88' lang='lat' dir='ltr'><strong>capellanj</strong></span> <span class='ocrx_word' id='word_1_326' title='bbox 569 4309 686 4376; x_wconf 87' lang='lat' dir='ltr'><strong>altaris</strong></span> <span class='ocrx_word' id='word_1_327' title='bbox 706 4330 766 4376; x_wconf 89' lang='lat' dir='ltr'><strong>seu</strong></span> <span class='ocrx_word' id='word_1_328' title='bbox 786 4307 973 4394; x_wconf 90' lang='lat' dir='ltr'><strong>capellanie</strong></span> <span class='ocrx_word' id='word_1_329' title='bbox 992 4309 1162 4376; x_wconf 91' lang='lat' dir='ltr'><strong>antedicte</strong></span> <span class='ocrx_word' id='word_1_330' title='bbox 1178 4329 1255 4374; x_wconf 91' lang='lat' dir='ltr'><strong>cum</strong></span> <span class='ocrx_word' id='word_1_331' title='bbox 1277 4327 1444 4374; x_wconf 87' lang='lat' dir='ltr'><strong>consensu</strong></span> <span class='ocrx_word' id='word_1_332' title='bbox 1461 4315 1494 4372; x_wconf 90' lang='lat' dir='ltr'><strong>et</strong></span> <span class='ocrx_word' id='word_1_333' title='bbox 1509 4325 1651 4372; x_wconf 88' lang='lat' dir='ltr'><strong>assensu</strong></span> 
     </span>
     <span class='ocr_line' id='line_1_36' title="bbox 292 4411 1651 4502; baseline -0.004 -20"><span class='ocrx_word' id='word_1_334' title='bbox 292 4415 453 4502; x_wconf 91' lang='lat' dir='ltr'><strong>prepositi</strong></span> <span class='ocrx_word' id='word_1_335' title='bbox 468 4415 669 4482; x_wconf 92' lang='lat' dir='ltr'><strong>balliuorum</strong></span> <span class='ocrx_word' id='word_1_336' title='bbox 685 4413 863 4482; x_wconf 91' lang='lat' dir='ltr'><strong>consulum</strong></span> <span class='ocrx_word' id='word_1_337' title='bbox 879 4423 913 4480; x_wconf 91' lang='lat' dir='ltr'><strong>et</strong></span> <span class='ocrx_word' id='word_1_338' title='bbox 929 4413 1184 4482; x_wconf 90' lang='lat' dir='ltr'><strong>communitatis</strong></span> <span class='ocrx_word' id='word_1_339' title='bbox 1199 4413 1240 4480; x_wconf 91' lang='lat' dir='ltr'><strong>de</strong></span> <span class='ocrx_word' id='word_1_340' title='bbox 1257 4411 1414 4480; x_wconf 89' lang='lat' dir='ltr'><strong>abirdene</strong></span> <span class='ocrx_word' id='word_1_341' title='bbox 1433 4420 1651 4496; x_wconf 90' lang='lat' dir='ltr'><strong>patronorum</strong></span> 
     </span>
     <span class='ocr_line' id='line_1_37' title="bbox 292 4511 1650 4606; baseline -0.005 -18"><span class='ocrx_word' id='word_1_342' title='bbox 292 4511 380 4588; x_wconf 85' lang='lat' dir='ltr'><strong>dicte</strong></span> <span class='ocrx_word' id='word_1_343' title='bbox 396 4521 582 4606; x_wconf 88' lang='lat' dir='ltr'><strong>capellanie</strong></span> <span class='ocrx_word' id='word_1_344' title='bbox 596 4530 707 4588; x_wconf 91' lang='lat' dir='ltr'><strong>totum</strong></span> <span class='ocrx_word' id='word_1_345' title='bbox 724 4529 757 4586; x_wconf 90' lang='lat' dir='ltr'><strong>et</strong></span> <span class='ocrx_word' id='word_1_346' title='bbox 772 4517 941 4606; x_wconf 91' lang='lat' dir='ltr'><strong>integrum</strong></span> <span class='ocrx_word' id='word_1_347' title='bbox 957 4519 1085 4586; x_wconf 90' lang='lat' dir='ltr'><strong>dictum</strong></span> <span class='ocrx_word' id='word_1_348' title='bbox 1101 4527 1333 4584; x_wconf 88' lang='lat' dir='ltr'><strong>tenementum</strong></span> <span class='ocrx_word' id='word_1_349' title='bbox 1354 4527 1479 4584; x_wconf 87' lang='lat' dir='ltr'><strong>terram</strong></span> <span class='ocrx_word' id='word_1_350' title='bbox 1495 4513 1650 4582; x_wconf 90' lang='lat' dir='ltr'><strong>videlicet</strong></span> 
     </span>
     <span class='ocr_line' id='line_1_38' title="bbox 292 4617 1652 4712; baseline -0.007 -18"><span class='ocrx_word' id='word_1_351' title='bbox 292 4636 363 4694; x_wconf 86' lang='lat' dir='ltr'><strong>tam</strong></span> <span class='ocrx_word' id='word_1_352' title='bbox 390 4626 590 4694; x_wconf 89' lang='lat' dir='ltr'><strong>anteriorem</strong></span> <span class='ocrx_word' id='word_1_353' title='bbox 621 4647 723 4712; x_wconf 91' lang='lat' dir='ltr'><strong>quam</strong></span> <span class='ocrx_word' id='word_1_354' title='bbox 750 4625 942 4692; x_wconf 90' lang='lat' dir='ltr'><strong>interiorem</strong></span> <span class='ocrx_word' id='word_1_355' title='bbox 969 4635 1003 4692; x_wconf 90' lang='lat' dir='ltr'><strong>et</strong></span> <span class='ocrx_word' id='word_1_356' title='bbox 1030 4634 1141 4692; x_wconf 89' lang='lat' dir='ltr'><strong>ortum</strong></span> <span class='ocrx_word' id='word_1_357' title='bbox 1168 4624 1351 4692; x_wconf 87' lang='lat' dir='ltr'><strong>earundem</strong></span> <span class='ocrx_word' id='word_1_358' title='bbox 1379 4642 1456 4688; x_wconf 89' lang='lat' dir='ltr'><strong>cum</strong></span> <span class='ocrx_word' id='word_1_359' title='bbox 1484 4617 1554 4688; x_wconf 91' lang='lat' dir='ltr'><strong>suis</strong></span> <span class='ocrx_word' id='word_1_360' title='bbox 1580 4641 1652 4705; x_wconf 91' lang='lat' dir='ltr'><strong>per·</strong></span> 
     </span>
    </p>
   </div>
   <div class='ocr_carea' id='block_1_4' title="bbox 0 0 2234 5984">
    <p class='ocr_par' dir='ltr' id='par_1_4' title="bbox 0 0 2234 5984">
     <span class='ocr_line' id='line_1_39' title="bbox 0 0 2234 5984; baseline 0 5"><span class='ocrx_word' id='word_1_361' title='bbox 0 0 2234 5984; x_wconf 95' lang='lat' dir='ltr'><strong> </strong></span> 
     </span>
    </p>
   </div>
  </div>
 </body>
</html>
