4488 5996
432 673 594 741 sermm
613 671 650 738 de
671 671 901 759 caparam
921 671 1064 738 absecta
1084 691 1107 736 a
1127 670 1226 738 namu
1248 671 1427 738 manmit
1546 687 1608 756 253

249 845 302 914 vel
317 846 489 934 deputatis
503 847 593 913 citou
608 865 807 931 quecunque
821 845 986 912 Iunmslia
1001 855 1060 912 aut
1076 845 1236 930 exequias
1252 847 1298 910 Et
1314 847 1403 930 quod
1418 845 1534 911 omnia
1550 845 1609 912 illa

250 951 415 1036 equaliter
436 949 681 1018 distribuantur
702 949 770 1015 illis
791 950 920 1036 precise
943 949 999 1034 qui
1023 949 1247 1018 communiter
1264 949 1420 1017 intersint
1436 949 1470 1017 in
1486 949 1608 1035 officijs

252 1053 378 1120 diuinis
392 1063 426 1120 et
442 1053 526 1120 nulli
542 1051 640 1120 alteri

339 1161 427 1226 Item
443 1159 532 1244 quod
547 1177 666 1225 omnes
681 1155 847 1242 capellani
870 1156 927 1242 qui
950 1175 991 1222 ex
1013 1157 1127 1242 aliqua
1148 1157 1350 1224 fundacione
1366 1157 1493 1224 habent
1511 1177 1609 1224 suam

252 1271 559 1330 sustentamentum
582 1262 617 1328 in
639 1261 731 1329 dicta
757 1261 901 1328 ecclesia
924 1260 1170 1346 compellantur
1190 1281 1405 1348 peromnem
1428 1281 1609 1328 censuram

251 1369 517 1438 ecclesiasticam
534 1370 577 1436 ad
592 1369 804 1435 subeundum
821 1367 932 1434 omnis
946 1366 1052 1434 diuini
1067 1367 1181 1434 cultus
1196 1377 1229 1434 et
1245 1365 1375 1434 seruitii
1390 1367 1480 1434 circa
1495 1366 1610 1434 omnIa

252 1473 417 1558 premissa

339 1579 427 1644 Item
450 1577 478 1644 si
501 1577 558 1663 qui
581 1597 622 1644 ex
644 1575 830 1662 capellanis
845 1575 1068 1661 conducticiis
1082 1575 1135 1642 vel
1151 1595 1192 1642 ex
1207 1597 1243 1642 se
1257 1576 1310 1642 vel
1327 1595 1368 1642 ex
1383 1575 1607 1662 instigacione

251 1682 463 1750 dominorum
490 1703 627 1750 suorum
657 1703 716 1748 eos
745 1681 1012 1748 conducencium
1039 1681 1082 1748 ad
1112 1681 1276 1766 premissa
1305 1701 1408 1748 onera
1433 1681 1608 1748 subeunda

251 1787 419 1854 noluerint
456 1787 647 1854 consentire
684 1797 820 1873 propter
853 1787 1015 1854 honorem
1053 1786 1194 1852 ecclesie
1224 1797 1257 1852 et
1289 1785 1607 1872 augmentucionem

252 1893 364 1960 cultus
379 1891 484 1978 diuinj
508 1895 597 1978 quod
620 1893 819 1978 sirnpliciter
840 1895 1090 1978 suspendantur
1111 1893 1155 1960 ab
1177 1892 1330 1978 Ingresso
1348 1891 1442 1960 chori
1457 1901 1609 1976 tempore
1630 1911 1675 1964 ror.
1688 1909 1752 1964 101¹

253 2019 319 2081 quo
348 1998 561 2066 celebrantur
597 1997 714 2064 diuina
746 1997 964 2083 solempniter
993 1997 1028 2063 in
1058 1999 1176 2064 eodem
1206 1998 1310 2064 etiam
1341 2019 1362 2064 a
1392 1997 1610 2083 percepcione

253 2121 529 2186 quorumcunque
544 2102 776 2168 communium
799 2101 1109 2188 superuenientium
1132 2123 1173 2170 ex
1197 2101 1311 2170 missis
1332 2103 1539 2170 funeralibus
1554 2103 1607 2170 vel

253 2207 404 2292 exequijs
419 2216 478 2274 aut
494 2206 571 2274 aliis
585 2207 840 2293 quibuscunque

341 2313 427 2380 Item
455 2311 484 2380 si
510 2313 685 2398 contingat
712 2314 801 2399 quod
827 2311 950 2398 aliquis
976 2311 1123 2398 scriptus
1145 2314 1187 2379 ad
1211 2311 1345 2398 aliquod
1366 2311 1545 2380 seruicium
1570 2333 1611 2380 ex

254 2415 367 2500 aliqua
387 2437 491 2484 causa
515 2417 728 2484 Racionabili
750 2416 958 2484 infirmitatis
973 2417 1025 2482 vel
1049 2417 1135 2484 alias
1157 2417 1285 2484 dictum
1309 2417 1455 2484 officium
1479 2427 1610 2504 poterat

254 2519 393 2586 minime
416 2541 476 2606 pro
498 2531 648 2607 tempore
671 2523 849 2588 commode
871 2521 1055 2607 adimplere
1077 2523 1166 2606 quod
1190 2521 1278 2588 alius
1295 2521 1485 2608 quicunque
1500 2521 1610 2608 capel·

254 2626 354 2694 lanus
365 2648 503 2713 presens
518 2649 578 2712 pro
593 2637 745 2714 tempore
760 2630 803 2695 ad
816 2628 1014 2694 mandatum
1026 2625 1141 2713 vicarij
1154 2626 1208 2692 vel
1221 2625 1387 2713 capellanj
1404 2625 1610 2712 perrochalis

254 2730 422 2799 deiectum
452 2731 602 2800 absentis
632 2743 774 2820 protunc
805 2733 937 2819 supleat
968 2735 1034 2800 Pro
1063 2733 1277 2818 suplemento
1305 2735 1403 2819 Iurrta
1433 2731 1609 2800 arbitrium

254 2837 481 2921 predictorum
507 2849 541 2906 et
567 2839 754 2906 secundum
781 2839 956 2924 antiquam
987 2837 1266 2906 consuetudinem
1294 2837 1328 2904 in
1355 2837 1498 2904 ecclesia
1528 2835 1610 2904 inibi

254 2942 434 3010 obseruata
449 2953 578 3010 certum
595 2943 674 3029 quid
692 2943 832 3030 recipiat
849 2945 895 3012 Et
911 2945 952 3012 de
967 2944 1161 3012 communia
1184 2941 1413 3028 contingentis
1435 2943 1610 3010 absentem

254 3055 288 3110 et
315 3065 358 3112 ne
383 3045 532 3113 varietur
557 3047 750 3114 subincerto
775 3047 913 3132 suplens
940 3047 1107 3114 deiectum
1122 3047 1169 3114 ¹in
1196 3046 1306 3116 officia
1333 3045 1533 3114 diaconatus
1558 3045 1611 3114 vel

255 3149 404 3218 cantoris
418 3172 478 3238 pro
494 3152 643 3238 qualibet
658 3151 742 3222 hora
756 3151 896 3238 recipiat
912 3149 1087 3220 denarium

851 3431 1018 3500 CXXIII.

308 3567 339 3632 N
378 3565 430 3654 dej
463 3566 610 3636 Nomine
639 3569 748 3635 Amen
778 3589 838 3654 per
867 3567 932 3635 hoc
961 3589 1100 3654 presens
1130 3567 1302 3654 publicum
1342 3567 1612 3636 Instrumentum
1633 3589 1755 3642 r01.1o1¹

350 3673 482 3740 cunctis
505 3683 620 3759 pateat
643 3673 817 3741 euidenter
831 3675 919 3759 quod
934 3673 1097 3760 vigesimo
1118 3673 1235 3759 quinto
1251 3673 1305 3741 die
1321 3673 1447 3740 mensis
1468 3685 1612 3761 septem·

256 3775 324 3844 bris
346 3780 445 3844 Anno
467 3779 594 3846 domini
622 3777 801 3845 millesimo
824 3777 1094 3865 quingentesimo
1117 3779 1248 3846 decimo
1271 3787 1394 3846 octauo
1419 3779 1613 3848 Indiccione

257 3881 361 3948 Sexta
376 3882 590 3950 Sanctissimi
603 3883 638 3950 in
651 3883 787 3952 Christo
799 3883 905 3970 patris
920 3905 960 3952 ac
976 3885 1103 3952 domini
1120 3885 1247 3972 dominj
1265 3885 1372 3954 leonis
1388 3907 1474 3972 pape
1490 3885 1611 3971 decimj

256 3987 356 4052 Anno
385 3997 480 4054 sexto
508 3989 548 4054 In
575 3988 641 4074 mej
670 3989 791 4074 notarij
817 3989 942 4074 publici
968 3999 1136 4075 protunc
1166 3991 1352 4058 decanatus
1382 3990 1614 4058 abirdonensis

256 4089 515 4160 christianitatis
538 4093 656 4178 decanj
681 4093 855 4179 presencia
878 4103 1017 4161 curatus
1039 4103 1073 4160 et
1096 4091 1262 4179 capellani
1280 4093 1372 4179 chorj
1398 4113 1457 4160 seu
1481 4093 1612 4181 collegij

256 4195 324 4281 diuj
355 4195 513 4282 nicholaij
539 4199 580 4264 de
603 4198 760 4266 abirdene
782 4198 1013 4284 capitulariter
1035 4199 1228 4284 congregatj
1251 4208 1286 4264 vt
1309 4198 1487 4267 annuatim
1511 4199 1614 4266 rnon's

256 4309 308 4367 est
331 4301 374 4368 ad
397 4301 475 4387 nouj
494 4302 684 4370 collectoris
699 4325 759 4372 seu
774 4303 1000 4389 procuratoris
1018 4303 1223 4371 eleccionem
1239 4304 1291 4370 Ad
1307 4313 1513 4372 statutorum
1528 4303 1615 4372 alias

257 4405 468 4472 conditorum
492 4407 763 4474 obseruationem
780 4408 826 4473 Et
842 4409 885 4474 ad
901 4427 991 4474 noua
1007 4409 1181 4474 condenda
1197 4427 1257 4492 per
1271 4429 1336 4492 que
1351 4407 1487 4474 diuinus
1503 4407 1615 4474 cultus

257 4507 373 4594 honorj
392 4520 425 4576 et
441 4521 624 4596 augmento
640 4513 853 4578 decoraretur
869 4511 998 4578 Omnes
1012 4521 1046 4578 et
1063 4509 1186 4596 singuli
1209 4532 1331 4596 corpus
1352 4510 1491 4598 capituli
1506 4533 1615 4598 repre·

257 4623 431 4682 sententes
445 4635 592 4684 unacum
608 4637 774 4684 consensu
798 4625 831 4683 et
847 4637 989 4684 assensu
1012 4617 1105 4684 nullo
1124 4625 1335 4702 repugnante
1350 4627 1540 4702 opponente
1556 4627 1615 4684 aut
