4472 5992
627 681 667 752 18
921 681 1114 748 Omnmala
1137 678 1229 748 acria
1250 679 1389 748 Ecclesia
1411 678 1522 748 Sancti
1543 679 1696 748 Niclrolac'

622 853 790 925 discretus
805 853 1005 924 Willermus
1022 853 1064 922 de
1082 853 1226 922 Camera
1244 853 1286 922 de
1303 851 1473 940 lyndoune
1496 875 1537 922 ac
1560 853 1738 940 burgensis
1755 855 1796 924 de
1811 857 1987 926 Abcrdene

622 960 777 1029 fundauit
803 959 919 1028 Altare
942 969 1059 1028 sancte
1082 957 1232 1027 katerine
1255 957 1289 1024 in
1312 957 1456 1026 ecclesia
1482 959 1667 1046 parochiali
1690 961 1732 1028 de
1754 961 1929 1030 Aberdene
1951 972 1985 1030 et

623 1064 792 1152 reparauit
808 1065 891 1134 illud
906 1067 947 1132 de
962 1065 1080 1132 eadem
1096 1063 1255 1150 ymagine
1277 1065 1421 1149 desuper
1436 1063 1563 1132 situata
1585 1076 1619 1132 et
1638 1068 1679 1133 de
1703 1067 1808 1134 calice
1824 1067 1986 1136 deaurato

623 1181 657 1240 et
680 1170 757 1258 alijs
778 1168 991 1240 vestimentis
1014 1167 1143 1236 sanctis
1165 1167 1445 1238 conuenientibus
1471 1171 1515 1240 ad
1540 1169 1656 1240 diuina
1679 1171 1726 1238 Et
1757 1171 1911 1258 sepultus
1932 1181 1984 1240 cst

623 1286 704 1344 ante
718 1276 835 1346 Altare
848 1274 956 1346 Cuius
969 1273 1083 1344 anime
1098 1271 1297 1343 misereatur
1312 1275 1410 1344 Deus

708 1487 767 1572 [A]
774 1507 844 1556 nno
863 1483 991 1556 domini
1010 1485 1191 1554 millesimo
1208 1483 1440 1554 tricentesimo
1458 1483 1668 1570 sexagesimo
1686 1483 1795 1572 primo
1815 1485 1984 1556 Dominus

416 1572 458 1622 ²¹¹³
512 1637 518 1650 .
620 1595 775 1664 Andrem
797 1595 839 1662 dc
860 1595 1090 1662 Curtastoune
1111 1591 1163 1658 vir
1184 1591 1349 1660 honestus
1378 1601 1412 1660 et
1442 1591 1639 1677 capellanus
1668 1592 1862 1662 deseruiens
1884 1591 1983 1662 altari

496 1717 521 1780 v!
621 1701 719 1770 beate
733 1701 832 1768 Anne
854 1696 1003 1784 potentis
1018 1696 1080 1764 viri
1104 1695 1243 1766 Roberti
1264 1696 1365 1764 dauid
1389 1695 1566 1782 burgensis
1587 1697 1629 1764 de
1651 1697 1826 1766 Aberdene
1845 1697 1984 1787 Quiqui·

489 1785 524 1818 ⁸⁸⁶
620 1805 699 1872 dem
713 1801 1034 1872 dominusAndrcas
1045 1800 1215 1886 reparauit
1230 1801 1360 1870 dictum
1372 1803 1479 1870 altare
1490 1804 1532 1870 de
1543 1823 1610 1870 vna
1621 1822 1730 1889 cappa
1744 1803 1844 1890 Rubij
1862 1803 1985 1874 coloris

621 1907 694 1976 auri
709 1916 803 1976 texta
817 1915 851 1974 et
865 1927 932 1974 vno
947 1905 979 1974 le
994 1905 1192 1992 baudekyne
1214 1905 1314 1992 Rubij
1340 1905 1461 1974 coloris
1483 1907 1525 1974 de
1547 1925 1661 1993 panno
1683 1907 1756 1976 auri
1771 1917 1805 1976 et
1821 1909 1863 1978 de
1879 1909 1984 1978 calice

621 2013 784 2082 deaurato
801 2031 880 2080 cum
903 2011 1011 2080 fixura
1033 2009 1174 2080 cristalli
1197 2009 1320 2096 lapidis
1342 2009 1377 2078 in
1401 2009 1512 2079 medio
1534 2019 1568 2078 et
1591 2010 1668 2098 alijs
1687 2011 1889 2082 utensilibus
1911 2033 1984 2100 per·

620 2117 811 2190 tinentibus
830 2119 874 2188 ad
896 2117 1003 2186 altare
1026 2115 1219 2204 sumptibus
1240 2125 1275 2184 et
1297 2115 1454 2204 expensis
1478 2113 1571 2184 Dicti
1599 2116 1738 2188 Roberti
1761 2117 1916 2206 magistri
1932 2117 1984 2188 sui

620 2221 747 2310 pariter
760 2232 795 2292 et
809 2223 852 2294 de
874 2222 946 2290 suis
968 2221 1112 2310 propriis
1135 2221 1339 2310 Qui'quidem
1364 2223 1533 2292 Robertus
1555 2243 1596 2290 eo
1618 2231 1770 2308 tempore
1792 2221 1984 2312 prepositus

620 2325 763 2414 predicti
785 2324 881 2412 burgi
903 2325 1075 2396 edificauit
1097 2325 1281 2412 pretorium
1300 2349 1342 2396 ex
1359 2335 1455 2414 parte
1477 2326 1603 2396 boreali
1623 2327 1658 2394 in
1676 2329 1747 2396 toro
1770 2328 1804 2396 in
1827 2329 1984 2418 opposito

620 2429 732 2504 nucia
763 2433 957 2520 sumptibus
985 2443 1020 2502 et
1049 2431 1207 2518 expensis
1240 2431 1497 2502 communitatis
1527 2435 1573 2501 Et
1603 2443 1676 2502 erat
1705 2433 1756 2501 vir
1786 2433 1821 2502 in
1851 2435 1984 2504 cunctis

618 2559 779 2628 prospere
800 2559 906 2626 agens
920 2537 1017 2608 tortis
1036 2549 1070 2608 et
1091 2539 1203 2606 audax
1223 2549 1257 2608 et
1278 2539 1362 2626 obijt
1385 2537 1420 2606 in
1443 2539 1531 2608 bello
1554 2540 1596 2606 de
1618 2525 1767 2608 harelaw
1784 2548 1819 2608 et
1841 2559 1919 2610 cum
1942 2561 1983 2608 eo

618 2645 733 2730 plures
752 2646 937 2731 burgenses
959 2643 1147 2714 laudabiles
1168 2643 1383 2714 invariabiles
1406 2643 1642 2714 honestatibus
1661 2643 1804 2714 radicati
1824 2645 1983 2734 omnique

619 2748 788 2836 probitate
822 2748 976 2820 innouati
1006 2771 1149 2836 quorum
1180 2749 1320 2818 nomina
1353 2759 1489 2838 propter
1521 2748 1685 2836 temporis
1717 2750 1919 2820 breuitatem
1949 2763 1982 2822 et

618 2855 795 2925 nominum
826 2855 1009 2926 errautinm
1040 2855 1189 2944 expremi
1220 2879 1289 2924 non
1320 2867 1464 2944 possunt
1493 2867 1532 2926 ut
1561 2859 1694 2926 deceret
1724 2855 1760 2924 in
1789 2857 1983 2926 defensione

617 2959 697 3028 ville
726 2970 760 3028 et
790 2981 850 3046 pro
879 2960 987 3046 patrie
1017 2961 1172 3031 libertate
1198 2963 1261 3032 sub
1286 2961 1409 3030 vexillo
1438 2961 1566 3030 domini
1592 2959 1774 3030 Alexandri
1804 2963 1981 3031 senescalli

618 3063 754 3134 comitis
779 3064 901 3134 marris
923 3066 970 3132 Et
993 3065 1148 3152 sepultus
1173 3065 1285 3136 dictus
1313 3067 1482 3136 Robertus
1497 3067 1586 3134 Ante
1601 3066 1719 3134 Altare
1745 3075 1862 3136 sancte
1884 3069 1982 3136 Anne

618 3167 654 3238 in
676 3167 821 3240 ecclesia
842 3168 1028 3258 parochiali
1050 3170 1202 3258 predicta
1224 3169 1331 3242 Cuius
1354 3169 1467 3242 anime
1489 3171 1689 3240 misereatur
1713 3169 1808 3240 Deus

705 3379 763 3464 [Y]
773 3399 874 3466 mago
907 3379 1018 3448 sancti
1054 3379 1212 3450 Nicholai
1243 3381 1287 3448 ad
1318 3379 1511 3448 Australem
1547 3389 1679 3466 partem
1713 3377 1828 3464 magni
1854 3377 1981 3447 Altaria

618 3484 763 3569 desuper
781 3481 908 3552 situata
922 3481 986 3552 tuit
1001 3486 1045 3553 ab
1059 3483 1161 3551 inicio
1175 3483 1300 3554 fabrice
1315 3483 1457 3553 ecclesie
1472 3505 1574 3570 quam
1590 3485 1760 3570 quondam
1778 3483 1981 3569 Radulphus

617 3588 719 3656 voket
734 3587 896 3674 prouidus
914 3588 1091 3676 burgensis
1108 3599 1260 3676 tempore
1276 3611 1338 3660 suo
1353 3588 1531 3658 renouauit
1547 3587 1582 3656 in
1597 3589 1730 3676 pictura
1745 3587 1852 3658 Cuius
1867 3587 1980 3656 anime

619 3691 819 3762 misercatur
836 3693 931 3762 Deus

706 3899 765 3984 [A]
773 3917 842 3970 nno
858 3899 998 3970 Domini
1015 3899 1197 3972 Millesimo
1212 3901 1444 3974 tricentesimo
1460 3899 1671 3989 sexagesimo
1688 3901 1836 3970 secundo
1853 3901 1980 3970 Potens

619 4005 778 4074 dominus
793 4005 963 4076 Dominus
977 4007 1168 4076 Alexander
1182 4011 1223 4078 de
1237 4009 1348 4080 iorbes
1364 4011 1405 4078 dc
1420 4009 1539 4078 eodem
1562 4007 1660 4076 miles
1678 4007 1847 4094 reparauit
1862 4007 1979 4077 Altare

618 4109 716 4179 beate
731 4112 830 4180 Anne
845 4111 887 4178 de
901 4131 968 4179 vno
983 4111 1187 4182 vestimento
1201 4113 1328 4183 volueti
1350 4113 1453 4202 varijs
1475 4111 1644 4184 coloribus
1666 4111 1739 4180 auri
1758 4121 1852 4181 texto
1871 4111 1979 4182 Cuius

618 4213 730 4282 anime
746 4213 947 4283 misereatur
962 4215 1057 4284 Deus
