4490 5990
617 614 660 700 ss
893 615 1076 704 omnmo
1097 617 1134 682 a
1156 617 1341 684 aeserta
1363 615 1476 684 arara
1497 621 1599 684 um
1619 615 1720 684 aaa

619 809 711 856 unus
733 787 935 858 halliuorunr
955 787 1038 858 dieti
1053 787 1150 874 burgi
1169 797 1206 856 vt
1228 789 1340 858 dietus
1354 789 1548 858 allexander
1562 790 1751 876 howysone‘
1760 789 1932 857 fatebatur
1944 798 1980 856 et

618 893 767 964 asseruit
781 894 873 962 dicto
888 893 1026 962 domino
1039 895 1236 964 allexandro
1248 895 1329 964 :elub
1345 905 1473 964 statum
1487 906 1522 964 et
1537 895 1788 984 possession·
1804 895 1930 964 realem
1946 905 1980 962 et

617 999 830 1086 corporalem
843 998 936 1068 dioto
948 999 1049 1068 altari
1063 1021 1125 1088 pro
1141 1021 1177 1068 se
1192 1009 1226 1068 et
1242 1001 1314 1068 suis
1329 1001 1580 1070 suecessoribus
1593 1003 1638 1070 ad
1653 1000 1782 1070 dictum
1798 1001 1905 1068 altare
1920 1022 1981 1086 pro

619 1096 723 1174 dietis
738 1103 921 1173 ¹animabus
942 1105 1212 1176 deseruientibus
1227 1126 1287 1192 pro
1302 1127 1339 1173 se
1355 1105 1570 1192 singulariter
1583 1107 1619 1174 in
1635 1106 1779 1193 singulis
1792 1105 1932 1174 tradidit
1948 1113 1981 1172 et

621 1207 812 1296 assignarit
832 1231 910 1277 cum
928 1209 1123 1278 omnimoda
1139 1219 1309 1296 potestate
1324 1211 1460 1278 leuandi
1476 1211 1682 1298 percipiendi
1698 1233 1758 1296 pro
1774 1211 1901 1278 eisdem
1917 1231 1982 1295 que

621 1313 784 1401 mmmm
801 1323 835 1382 et
850 1313 1073 1402 distringendi
1089 1315 1210 1402 agendj
1227 1324 1262 1382 et
1277 1315 1474 1401 defendendj
1495 1315 1646 1384 Ratione
1661 1314 1983 1384 cuiusfundaeionis

622 1429 659 1488 et
680 1417 906 1508 possessionis
925 1419 1044 1488 altaris
1062 1420 1140 1506 jura
1164 1429 1364 1506 patronatus
1384 1420 1465 1488 dicti
1487 1420 1605 1488 altaris
1624 1419 1863 1505 sibique-dioto
1882 1419 1983 1486 allex·

622 1527 732 1594 andro
746 1523 819 1592 suis
833 1545 898 1612 que
913 1523 1093 1594 heredibus
1107 1533 1141 1592 et
1158 1524 1409 1592 successoribus
1420 1533 1537 1590 tenore
1549 1522 1761 1609 presencium
1778 1521 1984 1590 contulimus

628 1632 793 1700 Iureuero
802 1637 1006 1716 patronatus
1016 1629 1106 1698 dicte
1118 1627 1304 1715 capellanie
1312 1637 1347 1696 et
1359 1628 1477 1696 altaris
1488 1629 1668 1696 heredibus
1678 1627 1750 1696 suis
1761 1635 1795 1694 et
1807 1635 1840 1694 et
1853 1647 1984 1694 succes·

622 1734 760 1804 scribor
774 1756 835 1821 pro
850 1743 1012 1820 perpetuo
1025 1753 1224 1804 rmnansuro
1241 1735 1281 1802 In
1293 1755 1434 1819 quorum
1451 1733 1604 1801 omniurn
1614 1741 1649 1799 et
1661 1732 1871 1818 singulorum
1882 1731 1992 1798 fidem·

623 1850 661 1908 et
687 1838 922 1908 testimonium
949 1839 1050 1906 fidem
1073 1848 1107 1906 et
1129 1838 1364 1906 testimonium
1387 1838 1629 1924 promissorum
1656 1837 1807 1923 prefatus
1829 1835 1987 1904 dominus

624 1945 824 2014 allexander
847 1944 936 2014 cluo
961 1943 1119 2030 Sigillum
1146 1953 1299 2010 nostrum
1323 1965 1539 2012 communem
1563 1965 1629 2029 quo
1651 1942 1778 2010 utimur
1799 1943 1843 2008 ad
1864 1961 1988 2008 causas

628 2069 708 2116 eum
723 2047 893 2116 instancia
906 2048 1120 2134 presentibus
1131 2047 1256 2134 apponi
1267 2047 1460 2134 procurauit
1472 2049 1562 2134 apud
1574 2047 1702 2115 dictum
1714 2049 1857 2132 burgum
1869 2047 1988 2113 vltimo

626 2153 685 2222 die
699 2153 827 2220 mensis
851 2152 1060 2240 Septembris
1073 2155 1174 2220 Anno
1196 2153 1324 2222 domini
1339 2153 1522 2220 millesimo
1538 2151 1870 2238 quadringentesimo
1887 2153 1988 2218 Serra·

628 2256 762 2346 gesimo
774 2255 886 2344 primo
901 2255 1047 2326 testibus
1064 2255 1211 2325 Ricardo
1231 2259 1272 2325 de
1287 2257 1400 2324 ltintor
1419 2267 1501 2326 tunc
1517 2257 1689 2344 preposito
1711 2257 1839 2324 andrea
1854 2275 1991 2322 menaea

627 2363 758 2432 andrea
772 2361 863 2448 slarrj
889 2361 1042 2430 Iohanne
1064 2383 1139 2430 mar
1155 2363 1308 2430 Iohanne
1323 2361 1453 2448 sorogis
1469 2363 1594 2430 andrea
1614 2361 1753 2430 ¹sohersr
1775 2361 1927 2428 Iohanne
1948 2361 1991 2426 de

628 2469 756 2555 kyntor
777 2466 917 2536 balliuis
941 2467 1061 2537 thoma
1079 2468 1174 2554 alanj
1200 2469 1349 2536 Roberto
1371 2467 1469 2536 boide
1494 2467 1659 2554 magistro
1681 2468 1832 2536 Roberto
1853 2473 1991 2534 stewart

634 2571 785 2642 Domino
801 2571 954 2642 Iohanne
968 2572 1117 2642 morison
1138 2573 1314 2660 capellano
1330 2573 1483 2642 Iohanne
1503 2595 1588 2642 vaus
1603 2573 1760 2640 seriando
1775 2593 1854 2640 eum
1874 2569 1992 2638 multis

628 2689 668 2778 et
681 2677 827 2750 diuersis
837 2679 916 2767 alijs
929 2687 984 2748 ete

1236 2873 1387 2940 XXXII.

692 3054 693 3062 ,
755 2993 952 3064 IUERSIS
975 2999 1009 3060 et
1032 2991 1176 3080 singulis
1197 2995 1241 3062 ad
1262 3015 1403 3078 quorum
1425 2993 1565 3062 notitias
1584 3001 1759 3080 presentes
1778 2993 1899 3062 literae
1922 3015 1994 3079 per-

763 3097 917 3166 uenerint
932 3097 1125 3184 prepositus
1139 3097 1297 3166 eonsules
1308 3109 1341 3166 et
1352 3099 1469 3166 balliui
1481 3099 1577 3185 burgi
1591 3102 1634 3168 de
1649 3101 1837 3168 abberdene
1850 3099 1995 3166 salutern

635 3221 716 3270 cum
728 3199 963 3268 benedictione
979 3199 1094 3268 diuina
1110 3202 1197 3270 Cum
1210 3201 1303 3287 pium
1316 3201 1360 3268 sit
1376 3211 1409 3270 et
1426 3202 1633 3270 meritorium
1649 3203 1747 3271 hdele
1761 3203 1995 3270 testimonium

633 3307 812 3397 perbibere
826 3307 960 3394 veritatj
975 3315 1010 3374 et
1026 3307 1173 3376 maxime
1189 3330 1254 3395 que
1270 3331 1383 3378 eoram
1401 3309 1573 3378 Iudicibus
1588 3309 1652 3376 rite
1667 3317 1700 3377 et
1716 3309 1869 3396 legaliter
1882 3310 1996 3376 termi-

633 3421 765 3482 nantur
780 3411 873 3480 Hinc
888 3422 940 3480 est
956 3413 1045 3498 quod
1061 3435 1175 3480 coram
1190 3413 1289 3482 nobis
1310 3435 1371 3498 pro
1392 3413 1554 3482 tribunali
1577 3413 1772 3483 sedentibus
1792 3413 1829 3480 in
1851 3413 1997 3500 pretorio

639 3516 722 3586 dicti
734 3514 830 3602 burgi
842 3515 897 3584 die
908 3515 987 3584 lune
999 3527 1076 3602 post
1089 3517 1216 3584 festum
1230 3516 1393 3586 Iohannis
1405 3517 1511 3584 diuini
1523 3519 1564 3584 de
1576 3539 1666 3584 armo
1678 3517 1805 3585 domini
1818 3518 1998 3584 millesimo

638 3619 974 3710 quadringentesimo
1001 3623 1253 3709 septuagesimo
1277 3623 1388 3709 primo
1414 3621 1449 3690 in
1475 3623 1576 3708 plena
1598 3623 1691 3690 curia
1714 3623 1851 3708 capitali
1873 3622 1998 3690 ibidem

642 3735 739 3795 tenta
763 3735 979 3816 accesserunt
1004 3730 1049 3795 ad
1076 3729 1209 3796 barram
1235 3728 1394 3796 dominus
1416 3727 1610 3796 allexander
1633 3729 1720 3798 Club
1746 3728 1943 3813 capellanus
1964 3739 1999 3796 et

644 3841 841 3922 procurator
860 3832 980 3900 altaris
1003 3843 1120 3902 sancte
1143 3834 1253 3902 crucis
1271 3833 1441 3919 wlgariter
1462 3842 1657 3920 nuncupate
1679 3833 1710 3899 le
1732 3835 1860 3900 broune
1880 3839 2000 3920 oroyce

645 3961 724 4006 cum
747 3959 809 4006 suo
832 3947 1047 4022 procuratore
1073 3939 1227 4006 donoano
1254 3937 1408 4006 sawchar
1430 3939 1471 4004 de
1497 3937 1658 4004 murcroit
1684 3945 1842 4023 exparte
1864 3959 1931 4004 vna
1954 3939 2001 4004 Et

642 4044 805 4114 dominus
821 4045 992 4112 Iohannes
1014 4046 1159 4114 modane
1174 4045 1371 4131 capellanus
1391 4043 1500 4112 sancti
1517 4041 1707 4112 christofori
1723 4065 1763 4110 ex
1783 4051 1879 4129 parte
1894 4044 2002 4110 altera

648 4155 695 4220 Et
725 4159 949 4238 peruenerunt
979 4173 1000 4218 a
1023 4151 1156 4220 roberto
1181 4151 1325 4236 gillespy
1350 4150 1523 4218 communi
1553 4149 1675 4218 clerico
1704 4148 1786 4216 dicti
1812 4148 1909 4234 burgi
1934 4158 2003 4217 tres
2079 4185 2086 4194 ·

647 4277 827 4344 processus
855 4277 916 4342 per
945 4255 1038 4342 ipsos
1067 4255 1233 4342 legittime
1263 4258 1383 4324 ductos
1420 4256 1455 4323 in
1492 4255 1600 4324 tribus
1629 4254 1765 4342 placitis
1802 4254 2004 4341 capitalibus

647 4359 799 4448 proxime
824 4368 858 4428 et
885 4359 1072 4428 immidiate
1092 4363 1311 4446 precedentes
1333 4360 1458 4447 perlegi
1484 4371 1520 4430 vt
1550 4359 1659 4428 lacius
1684 4359 1719 4426 in
1745 4359 1830 4428 libro
1855 4370 2003 4426 atterum

649 4475 764 4534 nostre
778 4463 870 4532 curie
885 4466 1078 4534 continetur
1093 4467 1201 4552 Super
1215 4477 1482 4552 recuperatorem
1502 4465 1727 4553 possessionis
1742 4473 1775 4532 et
1788 4464 2006 4550 proprietatis

649 4575 692 4650 de
714 4573 943 4668 media'parte
966 4573 1142 4648 cuiusdam
1164 4584 1252 4648 tetre
1274 4573 1451 4647 anterioris
1474 4571 1623 4646 tacentis
1637 4571 1671 4638 in
1688 4571 1800 4662 capite
1814 4569 1879 4638 vici
1903 4569 2004 4660 castrj
