4488 5996
688 675 849 744 Fendalio
870 673 991 764 dorunj
1012 675 1142 746 Ioannis
1165 697 1250 744 waso

891 903 1040 968 CXXX.

291 1043 451 1110 Fundano
476 1041 597 1128 dominj
621 1041 752 1108 loanm's
782 1063 867 1108 waso
896 1041 986 1108 messe
1011 1023 1208 1108 dominicalis
1237 1041 1410 1108 celibrandc
1436 1043 1519 1130 apud
1547 1043 1788 1108 altercatum

842 1148 942 1234 sanctj
963 1147 1095 1234 martini

385 1283 572 1351 MNlBUS
585 1283 673 1351 banc
684 1283 838 1350 chartam
851 1283 973 1350 visuris
987 1285 1039 1350 vel
1052 1283 1219 1351 audituris
1230 1283 1387 1352 dominus
1404 1286 1550 1351 loannes
1560 1307 1645 1352 vaus

425 1386 622 1471 capellanus
645 1386 787 1453 ecclesie
813 1385 1016 1472 parochialis
1046 1385 1114 1471 diuj
1141 1386 1276 1471 nicolaij
1304 1388 1346 1453 de
1374 1387 1532 1454 abirdene
1557 1388 1646 1454 salu·

290 1497 360 1556 tem
376 1489 411 1556 in
427 1489 564 1560 domino
579 1490 820 1576 sempiternam
836 1492 923 1558 Cum
939 1511 1058 1556 omnes
1074 1491 1240 1558 stabimus
1256 1499 1334 1557 ante
1354 1491 1501 1558 tribunal
1518 1492 1643 1576 dominj

291 1593 397 1678 nostrj
417 1595 494 1660 Iesu
518 1593 635 1661 christi
658 1603 756 1680 prout
775 1595 809 1661 in
828 1615 966 1680 corpore
988 1594 1156 1680 gessimus
1178 1594 1251 1662 siue
1273 1597 1399 1662 bonum
1422 1595 1495 1662 siue
1517 1597 1646 1664 malum

291 1697 456 1783 recepturj
485 1709 518 1764 et
547 1699 777 1785 unusquisque
807 1699 976 1785 propriam
1007 1699 1213 1786 adipiscetur
1242 1703 1430 1768 mercedem
1460 1704 1646 1769 secundum

291 1803 440 1870 laborem
457 1825 555 1870 suum
570 1805 688 1871 volens
703 1804 806 1890 igitur
828 1805 916 1872 diem
933 1805 1072 1890 extremj
1099 1805 1217 1889 Iudicij
1242 1805 1398 1891 operibus
1420 1805 1647 1873 misericordie

291 1909 465 1994 preuenirc
478 1909 567 1977 sicut
584 1909 751 1978 seminata
767 1909 915 1984 interris
931 1909 1109 1995 multiplicj
1129 1910 1239 1977 fructu
1256 1909 1411 1995 colligere
1425 1911 1600 1978 valeamus
1612 1911 1647 1976 in

292 2013 374 2080 celis
390 2013 562 2081 Noueritis
578 2035 632 2080 me
647 2013 750 2100 igitur
764 2014 799 2080 in
816 2015 977 2081 honorem
1000 2015 1053 2100 dej
1078 2014 1320 2101 omnipotentis
1342 2015 1486 2101 gloriose
1508 2015 1648 2101 virginis

292 2117 396 2182 marie
412 2115 629 2202 omniumque
644 2115 780 2184 celestis
797 2117 889 2208 curie
907 2117 1032 2184 ciuium
1049 2139 1109 2203 pro
1125 2119 1235 2184 salute
1251 2119 1363 2185 anime
1379 2141 1453 2186 mee
1468 2130 1646 2206 parentum

292 2229 325 2286 et
344 2219 595 2286 benefactorum
619 2241 770 2287 meorum
793 2231 827 2287 et
850 2241 965 2287 eorum
982 2221 1137 2306 aquibus
1158 2221 1271 2306 aliqua
1294 2223 1382 2289 bona
1406 2225 1501 2290 Iuste
1518 2233 1577 2291 aut
1599 2223 1647 2290 in-

292 2323 380 2391 iuste
399 2323 500 2410 habuj
526 2345 657 2392 necnon
680 2325 831 2392 omnium
855 2325 1005 2392 fidelium
1028 2326 1261 2393 defunctorum
1285 2327 1417 2394 dedisse
1440 2327 1649 2394 concessisse

292 2439 326 2496 et
342 2429 376 2495 in
392 2451 511 2515 puram
527 2439 561 2496 et
581 2441 778 2516 perpetuam
802 2429 1052 2515 eleemosynam
1076 2431 1220 2496 donasse
1243 2439 1276 2495 et
1300 2429 1493 2514 assignasse
1515 2451 1647 2496 necnon

291 2541 408 2600 tenore
423 2533 629 2619 presentium
653 2536 733 2600 dare
756 2535 937 2600 concedere
954 2543 987 2599 et
1003 2533 1038 2598 in
1054 2555 1172 2619 puram
1193 2544 1226 2600 et
1245 2545 1441 2620 perpetuam
1464 2535 1647 2620 eleemosy-

293 2657 372 2704 nam
388 2639 533 2704 donassc
548 2647 581 2704 et
597 2637 790 2722 assignasse
809 2659 848 2704 ac
872 2635 965 2722 ipsas
985 2635 1202 2704 donationem
1226 2637 1477 2704 concessionem
1493 2646 1526 2704 et
1543 2637 1648 2722 assig-

292 2738 465 2806 nationem
481 2737 545 2806 hac
561 2739 708 2824 presentj
734 2739 853 2806 charta
876 2759 951 2805 mea
974 2737 1193 2806 confirmasse
1216 2739 1370 2807 discretis
1384 2739 1465 2807 viris
1481 2750 1598 2808 curato
1614 2750 1647 2808 et

293 2843 477 2929 capellanis
493 2843 585 2928 chorj
607 2844 748 2911 ecclesie
771 2842 991 2929 parrochialis
1013 2843 1102 2930 beatj
1127 2845 1261 2930 nicolaij
1286 2847 1327 2912 de
1350 2845 1507 2913 abirdene
1525 2856 1558 2913 et
1577 2845 1648 2912 suis

292 2949 543 3017 successoribus
566 2949 751 3034 capellanis
773 2949 854 3034 dictj
871 2948 963 3034 chori
988 2959 1098 3016 totum
1122 2960 1155 3018 et
1178 2949 1346 3036 integrum
1369 2971 1473 3017 vnum
1497 2971 1647 3017 annuum

292 3053 458 3122 redditum
475 3053 654 3139 vigintisex
669 3053 851 3122 solidorum
868 3063 901 3120 et
917 3065 994 3122 octo
1009 3055 1221 3122 denariorum
1239 3055 1368 3122 vsualis
1388 3065 1522 3122 monete
1544 3055 1649 3123 scotie

292 3160 385 3245 regnj
403 3159 578 3227 annuatim
594 3159 776 3226 leuandum
793 3169 826 3226 et
843 3159 1093 3245 percipiendum
1117 3162 1158 3227 de
1173 3170 1246 3227 tota
1268 3170 1301 3226 et
1321 3161 1452 3246 integra
1467 3170 1556 3228 terra
1572 3181 1649 3227 mea

294 3264 459 3331 anteriore
474 3275 507 3331 et
523 3266 621 3331 horto
638 3265 788 3337 eiusdem
805 3285 881 3330 curn
899 3265 969 3331 suis
985 3265 1197 3349 pertinentiis
1210 3265 1404 3333 lacentibus
1419 3265 1505 3332 inira
1520 3265 1647 3332 dictum

292 3369 434 3453 burgum
458 3368 493 3433 in
515 3367 590 3434 vico
613 3369 767 3434 inferiore
790 3369 931 3435 ecclesie
954 3367 1035 3454 dictj
1059 3371 1156 3455 burgj
1173 3369 1262 3436 inter
1278 3379 1403 3436 terram
1424 3371 1546 3455 robertj
1567 3391 1649 3455 gray

293 3491 333 3536 cx
353 3471 552 3557 occidentalj
570 3495 611 3538 ex
624 3494 692 3539 vna
714 3481 839 3539 terram
863 3473 979 3540 altaris
1002 3473 1075 3540 siue
1098 3475 1285 3560 capellanie
1307 3477 1405 3542 beate
1427 3477 1567 3542 barbare
1584 3475 1648 3541 vir·

292 3574 381 3660 ginis
403 3597 444 3642 ex
470 3575 623 3661 orientali
649 3576 801 3662 partibus
825 3577 868 3642 ab
891 3576 997 3642 altera
1023 3597 1238 3643 communem
1261 3577 1352 3643 viam
1378 3577 1506 3662 regiam
1531 3599 1649 3644 versus

294 3690 446 3748 austrum
463 3690 496 3748 et
512 3681 647 3748 hortum
664 3683 833 3766 quondam
850 3681 981 3766 patricij
999 3683 1063 3748 vod
1079 3703 1196 3748 versus
1212 3684 1347 3749 boream
1367 3681 1647 3750 TENENDUM

292 3792 326 3849 et
353 3783 545 3850 habendum
572 3793 682 3851 toturn
706 3793 740 3850 et
762 3783 931 3869 integrum
955 3783 1083 3851 dictum
1106 3805 1256 3852 annuum
1279 3787 1447 3852 redditum
1469 3785 1650 3870 vigintiscx

293 3887 476 3956 solidorum
492 3899 526 3956 et
549 3899 626 3956 octo
649 3889 862 3956 denariorum
887 3899 1022 3956 monete
1045 3890 1215 3957 antedicte
1238 3912 1315 3957 cum
1340 3890 1410 3958 suis
1433 3889 1650 3976 pertinenciis

293 3993 432 4078 prefatis
458 4004 575 4062 curato
605 4004 639 4061 et
669 3993 854 4080 capellanis
879 4005 912 4061 ct
940 4017 1055 4062 eorum
1082 3995 1333 4063 successoribus
1363 3995 1548 4080 capellanis
1577 4015 1649 4080 per·

293 4097 404 4184 petuis
437 4099 517 4184 dictj
552 4099 645 4185 chorp'
681 4101 722 4166 de
756 4123 913 4186 suprema
943 4101 1080 4168 domina
1110 4111 1225 4170 nostra
1258 4101 1374 4188 regina
1407 4111 1440 4170 et
1475 4099 1545 4168 suis
1576 4121 1649 4166 suc·

293 4203 484 4270 cessoribus
513 4204 648 4290 regibus
681 4227 741 4272 seu
774 4205 900 4292 reginis
934 4205 1039 4273 scotie
1068 4206 1103 4272 in
1132 4207 1230 4274 feodo
1259 4216 1293 4273 et
1323 4205 1510 4274 hereditate
1535 4207 1584 4272 Ac
1614 4204 1649 4271 in

293 4305 398 4374 libero
427 4309 589 4394 burgagio
619 4309 865 4396 imperpetuum
897 4331 974 4376 cum
1005 4311 1096 4396 omnj
1130 4313 1207 4378 lure
1237 4315 1270 4378 'et
1302 4311 1520 4377 lurisclameo
1549 4308 1650 4376 titulo

293 4411 497 4497 proprietate
523 4422 556 4478 ct
580 4413 793 4499 possessione
819 4416 868 4481 Ac
895 4437 972 4482 curn
999 4415 1156 4483 omnibus
1182 4415 1258 4482 aliis
1284 4425 1317 4482 et
1345 4415 1487 4501 singulis
1516 4414 1649 4482 liberta·

292 4515 384 4582 tibus
404 4517 701 4586 commoditatibus
723 4529 756 4586 et
780 4519 978 4587 asiamentis
999 4543 1039 4588 ac
1064 4521 1169 4588 Iustis
1192 4521 1262 4588 suis
1283 4521 1495 4606 pertinentiis
1515 4520 1650 4606 quibus·

293 4641 426 4707 cunque
446 4623 490 4690 ad
510 4623 698 4708 predictum
722 4647 873 4694 annuum
896 4626 1064 4694 redditum
1083 4647 1161 4694 curn
1184 4625 1396 4714 pertinentiis
1418 4625 1650 4714 spectantibus
