4472 5992
399 1053 533 1107 Fundanio

399 1119 496 1171 Altaria

399 1187 553 1236 Sanctomm

315 1257 325 1271 '
399 1251 511 1328 Crispini
522 1259 549 1300 et

399 1315 555 1384 crispiniani

1000 669 1125 738 Altorr's
1148 668 1264 738 Sanus
1285 669 1396 740 Crucis
1417 669 1597 758 Apparatus

1233 878 1239 898 '
1262 881 1344 948 XII.

711 1025 995 1108 [I]OHANNES
1019 1023 1209 1092 STOKER
1230 1021 1406 1110 burgensis
1430 1023 1525 1110 burgi
1552 1027 1594 1092 de
1617 1023 1784 1094 Abirdeue
1810 1025 1981 1110 quondam

619 1133 708 1200 bone
723 1131 884 1200 memorie
896 1130 930 1196 in
941 1131 1074 1197 feodam
1090 1129 1256 1216 capellani
1272 1129 1425 1216 perpetui
1441 1129 1558 1196 altaris
1574 1139 1767 1199 sanctorum
1785 1129 1931 1217 Crispini
1947 1141 1981 1200 et

623 1237 826 1324 Crispiniani
853 1235 887 1303 in
913 1257 980 1304 uno
1006 1257 1120 1304 annuo
1151 1235 1298 1303 Redditu
1325 1235 1450 1321 vigenti
1478 1235 1661 1305 solidorum
1689 1237 1817 1306 usualis
1847 1247 1982 1306 monete

623 1343 728 1412 scotie
746 1343 888 1412 levando
909 1345 950 1410 de
970 1341 1065 1410 tostis
1084 1351 1118 1408 et
1139 1341 1253 1408 eruitis
1270 1341 1463 1426 jacentibus
1479 1341 1512 1408 in
1529 1341 1560 1410 le
1576 1343 1769 1430 nevburghe
1790 1365 1850 1428 pro
1870 1343 1980 1410 salute

622 1448 735 1517 anime
755 1471 815 1515 sue
835 1448 1025 1516 animarum
1048 1456 1226 1532 parentum
1250 1446 1500 1516 benefactorum
1521 1450 1561 1516 bc
1581 1447 1733 1516 omnium
1756 1446 1906 1516 fidelium
1926 1449 1981 1518 dc·

622 1555 814 1623 iunctorum
830 1556 879 1622 &c

710 1661 853 1730 Summa
868 1656 985 1727 altaris
1000 1667 1195 1726 sanctorum
1211 1655 1348 1742 crispini
1363 1667 1397 1726 et
1413 1657 1608 1744 crispiniani
1620 1681 1663 1726 xx
1678 1680 1784 1728 scum
1797 1657 1984 1728 elimosinis

773 1773 808 1832 et
823 1785 913 1832 nunc
928 1773 1080 1850 tempore
1099 1761 1251 1850 magistri
1266 1762 1432 1834 Willelmi
1453 1763 1631 1852 philpsone
1646 1775 1784 1834 auctum
1800 1774 1852 1832 est
1868 1763 1983 1834 buius·

774 1869 865 1938 modi
881 1869 1009 1938 rentale
1025 1891 1102 1938 cum
1118 1869 1151 1936 xl
1167 1891 1184 1936 s
1199 1891 1243 1936 xx
1257 1869 1279 1940 d
1294 1891 1428 1938 summa
1444 1869 1560 1938 totalis
1575 1869 1610 1938 iii
1626 1869 1649 1937 li
1665 1872 1745 1942 xxti

1259 2187 1362 2253 XIII.

1190 2327 1324 2396 Thomas
1341 2335 1418 2415 prat

702 2467 947 2539 REDICTUS
970 2467 1219 2555 Thomasprat
1244 2469 1421 2556 burgensis
1443 2469 1544 2538 huius
1567 2468 1662 2558 burgi
1685 2469 1720 2538 in
1743 2471 1905 2540 honorem
1932 2471 1986 2540 dei

744 2573 987 2662 omnipotentis
1016 2573 1211 2642 beatissime
1236 2571 1377 2660 virginis
1407 2573 1511 2642 marie
1538 2575 1627 2644 beati
1655 2575 1825 2662 Nicholaij
1853 2575 1986 2663 patroni

626 2681 776 2750 eiusdem
805 2681 851 2748 Et
879 2681 1047 2748 Notanter
1065 2671 1184 2747 thome
1205 2679 1350 2765 apostoli
1373 2689 1406 2746 et
1431 2679 1567 2766 Georgii
1591 2680 1748 2768 martyris
1771 2703 1810 2748 ac
1834 2681 1984 2748 omnium

627 2795 822 2854 sanctorum
845 2805 904 2871 pro
923 2785 1032 2852 salute
1053 2783 1165 2853 anime
1184 2807 1243 2852 sue
1262 2783 1451 2852 animarum
1475 2797 1652 2871 parentum
1676 2787 1926 2856 benefactorum
1946 2810 1986 2855 ac

627 2887 779 2958 omnium
803 2887 952 2957 fidelium
967 2887 1216 2957 ‘defunctorum
1239 2888 1393 2957 fundauit
1421 2913 1461 2958 ac
1485 2891 1672 2960 construxit
1699 2892 1769 2960 suis
1796 2893 1987 2980 sumptibus

627 2992 810 3080 compleuit
831 2994 937 3060 altare
958 2991 1123 3061 (fictorum
1146 3003 1339 3062 sanctorum
1361 2993 1477 3062 thome
1496 3007 1529 3062 et
1547 2995 1681 3082 georgei
1702 2993 1788 3064 infra
1808 2996 1986 3066 ecclesiam

627 3097 856 3190 parochialem
872 3097 962 3168 beati
977 3097 1136 3186 nicholaij
1157 3099 1330 3167 Situatum
1346 3109 1379 3167 et
1395 3100 1504 3168 eidem
1521 3120 1652 3168 annuos
1669 3102 1835 3169 Redditus
1847 3099 1882 3168 in
1895 3111 1989 3170 carta

628 3203 820 3294 precedenti
841 3213 1019 3272 contentos
1035 3203 1180 3294 deditet
1202 3205 1390 3292 assignauit
1415 3209 1558 3293 Insuper
1580 3207 1729 3292 prefatus
1744 3207 1898 3276 Thomas
1915 3209 1988 3285 zelo

628 3311 744 3382 diuino
761 3310 949 3379 Instinctus
970 3309 1162 3379 huiusmodi
1181 3312 1280 3401 altari
1296 3334 1400 3380 vnum
1417 3313 1556 3380 calicem
1573 3323 1770 3399 argenteum
1789 3315 1988 3382 deauratum

628 3419 695 3486 duo
731 3415 935 3484 vestimenta
971 3435 1042 3502 pro
1069 3418 1243 3484 sacerdote
1276 3417 1484 3486 celebraturo
1518 3419 1687 3504 completa
1715 3439 1819 3485 vnum
1852 3419 1990 3488 missale

629 3533 773 3610 quatuor
792 3513 908 3589 tuillas
929 3519 1002 3588 siue
1025 3519 1264 3590 linthiamenta
1285 3520 1384 3590 'altari
1405 3532 1486 3609 apta
1506 3544 1609 3590 vnum
1631 3523 1771 3609 pallium
1786 3523 1942 3592 videlicet
1958 3524 1989 3593 le

628 3627 787 3696 lorclatht
812 3623 849 3694 oi
869 3649 980 3694 arrass
1003 3627 1112 3696 Warlt
1134 3629 1175 3695 de
1199 3628 1326 3696 Sancto
1352 3627 1487 3715 georgio
1510 3630 1595 3695 duas
1618 3627 1751 3715 phiolas
1773 3630 1839 3697 duo
1866 3651 1991 3718 magna

629 3733 829 3802 candelebra
845 3753 945 3820 super
960 3731 1066 3802 altare
1081 3733 1236 3802 vndecim
1258 3734 1459 3802 candelabra
1480 3733 1610 3802 minora
1633 3756 1734 3822 super
1756 3735 1989 3808 ceroferarium

629 3835 781 3905 exhibuit

1260 4057 1356 4124 XIV.

406 4225 495 4276 gum
507 4223 603 4276 sm
715 4195 815 4262 NNO
839 4191 965 4262 domini
988 4193 1154 4262 milesimo
1176 4191 1508 4280 quadringentesimo
1531 4191 1750 4280 nonagesimo
1770 4202 1892 4262 octauo
1911 4195 1991 4264 xviii

407 4291 498 4344 Crucis

760 4297 813 4366 die
838 4297 1047 4383 Septembris
1069 4307 1221 4384 tempore
1247 4295 1373 4365 domini
1406 4295 1550 4364 Iohanni
1576 4305 1651 4382 prat
1678 4296 1844 4384 capellani
1874 4299 1991 4374 altaris

633 4411 751 4470 sancte
773 4402 883 4469 crucis
905 4401 1056 4496 existent
1071 4405 1113 4473 ad
1136 4405 1231 4470 idem
1254 4403 1360 4470 altare
1382 4423 1469 4470 vnus
1492 4400 1579 4470 calix
1601 4411 1782 4486 argenteus
1804 4403 1871 4470 duo
1893 4403 1993 4472 vesti·

632 4517 747 4576 menta
769 4529 830 4594 pro
846 4508 1020 4596 sacerdote
1036 4507 1205 4594 completa
1219 4528 1323 4574 vnum
1340 4507 1513 4594 corporale
1528 4517 1561 4574 et
1577 4517 1647 4574 tres
1669 4505 1765 4574 tuille
1787 4529 1864 4576 cum
1885 4508 1993 4578 tribus

629 4613 857 4683 voluminibus
873 4611 947 4684 libri
964 4613 1111 4682 missalis
1126 4637 1167 4682 ac
1182 4617 1313 4685 duobus
1328 4614 1540 4685 candelabris
1556 4612 1708 4699 stanneis
