4490 5990
723 721 884 788 Fmtdatio
905 721 1016 789 altaris
1038 723 1109 789 diua·
1129 723 1241 790 andree
1620 747 1660 814 91

303 893 486 963 Redditum
503 895 618 960 decem
631 891 814 961 solidorum
831 895 872 962 de
886 901 976 963 terra
987 894 1167 964 Alexandri
1184 897 1477 968 saucharlacente
1492 899 1526 968 in
1542 903 1660 970 eodem

301 1001 376 1069 vico
391 999 479 1067 inter
494 1007 618 1082 terram
634 999 800 1085 Willelmj
818 999 968 1086 blynsele
983 1021 1024 1068 ex
1039 1001 1180 1070 australi
1196 1013 1292 1090 parte
1307 1013 1341 1072 et
1356 1013 1482 1074 terram
1498 1006 1660 1074 heredum

302 1108 472 1194 quondam
483 1104 647 1172 Iohannis
658 1103 791 1172 Thome
803 1126 844 1172 ex
855 1105 973 1174 boriali
985 1116 1081 1192 parte
1095 1109 1182 1176 Item
1193 1131 1298 1176 vnum
1311 1129 1461 1178 annuum
1475 1113 1658 1180 Redditum

302 1214 343 1280 de
365 1221 454 1279 terra
478 1212 648 1298 quondam
675 1211 813 1296 eduardj
837 1219 897 1297 top
920 1213 1057 1280 Iacente
1083 1213 1118 1280 in
1142 1217 1260 1283 eodem
1284 1215 1359 1284 vico
1378 1217 1549 1286 furcarum
1572 1219 1661 1286 inter

301 1327 425 1384 terram
455 1315 589 1383 Thome
618 1313 731 1382 litstar
760 1335 801 1383 ex
829 1313 947 1384 boriali
980 1326 1076 1402 parte
1105 1340 1146 1386 ex
1174 1341 1241 1388 vna
1271 1329 1305 1388 et
1333 1329 1459 1390 terram
1489 1325 1659 1408 quondam
1768 1323 1775 1334 ’

303 1421 467 1490 Iohannis
481 1424 523 1490 de
538 1419 655 1488 malrer
669 1419 820 1488 sauchalr
835 1441 875 1488 ex
891 1421 1031 1508 australj
1048 1431 1143 1509 parte
1159 1409 1289 1510 septem
1305 1425 1487 1494 solidorum
1503 1428 1660 1498 annualis
1682 1435 1786 1494 roton

305 1527 471 1594 Redditus
489 1527 631 1593 Necnon
651 1526 718 1592 Sex
738 1524 864 1592 solidos
886 1525 1043 1594 annualis
1065 1527 1216 1596 redditus
1238 1530 1280 1596 de
1302 1537 1392 1598 terra
1414 1531 1595 1600 Alexandri
1618 1535 1660 1602 de

302 1655 437 1702 camera
460 1631 617 1716 seriiandj
641 1633 779 1698 Iacente
794 1631 829 1698 in
844 1629 919 1698 vico
939 1631 1078 1700 nauium
1098 1632 1186 1701 inter
1205 1642 1330 1703 terram
1348 1637 1486 1723 Robertj
1502 1637 1660 1706 ranisone

302 1748 335 1806 et
350 1735 463 1804 uxoris
485 1757 544 1802 sue
563 1757 604 1802 ex
623 1733 823 1820 occidentalj
849 1744 944 1821 parte
965 1737 1008 1803 ab
1022 1757 1089 1804 vna
1109 1746 1143 1804 et
1162 1745 1287 1806 terram
1308 1739 1468 1808 heredum
1490 1743 1659 1827 quondam

303 1841 466 1912 Iohannis
495 1844 574 1910 rede
602 1841 686 1926 iabrj
711 1863 752 1908 ex
778 1841 896 1910 boriali
925 1851 1021 1928 parte
1051 1865 1091 1910 ex
1121 1844 1227 1912 altera
1258 1847 1345 1912 Item
1375 1867 1479 1913 vnum
1509 1870 1659 1916 annuum

301 1949 468 2016 redditum
492 1957 621 2033 septem
649 1945 831 2014 solidorum
857 1949 995 2015 iacente
1026 1947 1060 2015 in
1086 1948 1162 2016 vico
1188 1951 1229 2017 de
1251 1951 1283 2017 le
1304 1951 1403 2038 luthy
1425 1964 1602 2021 exeuntem
1626 1963 1659 2021 et

302 2055 483 2122 leuandum
522 2055 562 2118 de
599 2053 730 2120 duabus
767 2051 866 2118 tenis
899 2055 1068 2139 quondam
1106 2054 1205 2140 Alanj
1243 2055 1375 2123 talzour
1410 2056 1499 2124 inter
1533 2067 1659 2125 terram

302 2160 472 2246 quondam
495 2157 661 2226 Willelmi
684 2179 820 2225 menzes
843 2181 883 2224 ex
906 2159 1046 2228 australi
1062 2169 1158 2246 parte
1181 2171 1214 2229 et
1237 2171 1361 2230 terram
1376 2162 1509 2230 Thome
1527 2165 1660 2232 Andree

301 2285 418 2332 versus
434 2261 562 2330 boriam
580 2264 721 2330 Necnon
736 2285 840 2330 vnum
856 2283 1007 2331 annuum
1023 2265 1191 2334 redditum
1207 2267 1431 2353 quadraginta
1446 2269 1659 2338 denariorum

302 2377 479 2438 exeuntem
503 2367 679 2436 annuatim
703 2377 736 2435 et
759 2368 941 2436 leuandum
964 2371 1005 2436 de
1028 2377 1117 2438 terra
1145 2371 1308 2438 Iohannis
1331 2371 1441 2440 litster
1464 2374 1602 2442 iacente
1624 2373 1659 2441 in

301 2473 376 2541 vico
404 2473 489 2559 virdj
525 2472 613 2540 inte'r
644 2481 753 2541 terras
787 2474 951 2542 Iohannis
982 2475 1109 2562 mathej
1140 2499 1257 2544 versus
1290 2477 1402 2544 oriens
1435 2487 1469 2546 ct
1502 2479 1660 2548 occidens

301 2579 482 2646 Tenendos
503 2587 536 2644 et
559 2577 733 2647 habendos
756 2601 874 2646 omnes
895 2589 929 2646 et
953 2580 1104 2667 singulos
1126 2603 1258 2650 annuos
1279 2583 1430 2650 redditus
1455 2585 1660 2670 prescriptos

302 2684 431 2772 prelato
446 2683 622 2768 capellano
638 2685 681 2751 ad
696 2683 786 2751 idem
801 2685 909 2752 altare
929 2685 1111 2774 celebrantj
1133 2696 1167 2754 et
1189 2709 1250 2773 pro
1273 2697 1434 2774 perpetuo
1450 2687 1659 2756 celebraturo

302 2813 362 2878 per
381 2811 436 2858 me
455 2799 515 2858 aut
539 2811 599 2876 per
620 2790 727 2858 filium
751 2813 865 2858 meum
887 2791 1115 2860 Alexandrum
1136 2795 1177 2861 de
1201 2815 1274 2861 mar
1295 2795 1521 2880 presentando
1543 2803 1577 2862 et
1599 2815 1660 2880 per

302 2898 443 2966 heredes
455 2919 535 2964 suos
545 2896 676 2965 tociens
688 2897 848 2985 quociens
859 2921 980 2968 vacare
992 2900 1193 2988 contingerit
1205 2923 1283 2969 cum
1296 2900 1452 2969 omnibus
1467 2909 1501 2968 et
1517 2899 1659 2986 singulis

301 3001 512 3071 libertatibus
542 3001 803 3071 comoditatibus
832 3013 865 3070 et
895 3003 1106 3073 aisiamentis
1136 3029 1176 3074 ac
1207 3005 1312 3074 Iustis
1342 3005 1412 3072 suis
1442 3003 1658 3092 pertinenciis

302 3107 555 3194 quibuscunque
570 3107 613 3174 ad
628 3107 737 3175 dictos
752 3131 884 3176 annuos
898 3109 1050 3178 redditus
1071 3111 1303 3198 spectantibus
1318 3131 1378 3178 seu
1395 3111 1488 3177 Iuste
1504 3120 1657 3195 spectare

301 3213 493 3283 valentibus
513 3215 762 3300 quomodolibet
777 3215 812 3281 in
827 3217 977 3283 futurum
994 3217 1078 3284 adeo
1100 3215 1202 3284 libere
1226 3215 1337 3301 quiete
1353 3214 1501 3302 plenarie
1521 3217 1657 3301 Integre

301 3321 386 3388 bene
408 3329 442 3386 et
465 3318 501 3385 in
523 3340 606 3405 pace
629 3319 717 3386 sicut
740 3319 842 3406 aliquj
868 3321 970 3406 annuj
995 3321 1146 3388 redditus
1168 3319 1254 3386 inira
1274 3320 1402 3388 dictum
1426 3320 1569 3407 burgum
1596 3341 1657 3406 pro

302 3423 558 3510 agmentacione
589 3425 700 3490 cultus
730 3423 835 3511 diuinj
872 3427 996 3492 dantur
1026 3435 1059 3493 et
1089 3423 1307 3512 assignantur
1336 3423 1408 3490 sine
1437 3423 1657 3492 reuocacione

301 3527 439 3614 aliquali
455 3527 509 3593 De
529 3525 650 3612 quibus
671 3527 805 3613 quidem
822 3529 943 3596 annuis
961 3529 1146 3598 redditibus
1167 3527 1328 3596 saisinam
1352 3537 1385 3595 et
1408 3528 1655 3616 possessionem

301 3631 544 3700 successoriam
575 3629 665 3697 dicto
694 3631 884 3700 Alexandro
914 3654 988 3700 mar
1017 3633 1085 3700 filio
1116 3653 1192 3699 meo
1222 3631 1397 3699 nominato
1427 3640 1460 3699 et
1491 3653 1532 3698 ex
1561 3639 1656 3718 parte

301 3735 442 3810 ecclesie
468 3757 508 3803 ac
535 3733 652 3802 altaris
682 3735 842 3822 antedictj
874 3737 960 3824 tradj
991 3737 1055 3805 ieci
1085 3737 1356 3824 corporalis'per
1385 3736 1548 3804 balliuum
1579 3735 1656 3805 sub·

301 3841 464 3929 scriptum
495 3842 683 3908 Reseruato
711 3843 789 3908 Iure
813 3851 1013 3928 patronatus
1039 3842 1205 3911 dictorum
1232 3861 1420 3910 annuorum
1448 3841 1655 3910 Reddituum

300 3947 430 4036 prefato
459 3945 651 4013 Alexandro
686 3955 719 4014 et
754 3945 933 4016 heredibus
968 3947 1038 4016 suis
1073 3949 1115 4016 ad
1150 3955 1346 4034 perpetuam
1376 3945 1424 4032 rej
1456 3945 1654 4014 memoriam

300 4054 460 4121 duraturo
491 4049 682 4119 Faciendus
719 4051 803 4118 Inde
840 4051 951 4119 dictus
980 4051 1177 4138 capellanus
1206 4059 1240 4119 et
1270 4049 1322 4136 suj
1354 4069 1567 4116 successores
1596 4071 1656 4137 pro

299 4155 414 4228 anima
445 4175 521 4223 mea
555 4165 589 4222 et
624 4153 804 4223 animabus
833 4155 984 4224 omnium
1015 4155 1240 4244 predictorum
1270 4153 1466 4222 oracionum
1497 4153 1656 4240 suffragia

300 4263 499 4331 denotatum
516 4261 557 4326 In
578 4259 684 4329 Cuius
712 4260 759 4346 rej
791 4261 1023 4329 testimonium
1051 4261 1207 4348 Sigillum
1238 4281 1351 4327 meum
1373 4279 1518 4326 unacum
1545 4257 1656 4342 sigillo

299 4365 506 4436 honorabilis
527 4365 589 4452 virj
604 4389 607 4394 ·
620 4365 753 4434 Thome
782 4367 824 4434 de
852 4367 918 4454 iyie
947 4367 1046 4435 vnius
1072 4367 1273 4436 balliuorum
1296 4363 1391 4452 burgi
1421 4365 1463 4432 dc
1489 4361 1655 4432 Abirdene

299 4473 378 4541 huic
407 4470 555 4559 presentj
583 4479 675 4539 carte
702 4483 776 4540 mee
801 4482 881 4540 sunt
906 4475 1065 4561 Appensa
1091 4475 1180 4561 apud
1207 4473 1334 4542 dietum
1357 4471 1505 4558 burgum
1523 4469 1655 4539 decimo

299 4577 353 4645 die
376 4575 502 4643 mensis
524 4575 668 4662 Augustj
693 4597 782 4644 anno
805 4577 931 4646 domini
948 4575 1141 4646 'mlllesimo
1165 4575 1495 4665 quadringentesimo
1519 4585 1653 4661 septua-

298 4680 428 4768 gesimo
453 4679 557 4749 tercio
582 4681 799 4751 Presentibus
826 4684 955 4753 Ibidem
980 4683 1232 4755 honorabilibus
1256 4683 1336 4752 viris
1362 4681 1496 4750 Thoma
1522 4682 1563 4748 de
1586 4679 1652 4768 iyle
