4490 5990
603 677 665 744 13⁰
1011 662 1112 730 cneo
1132 663 1254 730 domist
1275 663 1429 732 lobannis
1451 665 1556 732 litetur

602 835 858 920 Imperpetuunr
872 837 920 902 Ac
936 835 1071 922 preconj
1092 835 1265 904 communi
1287 835 1368 904 dicti
1392 837 1488 925 burgi
1511 841 1598 908 duos
1615 839 1777 910 denarios
1796 841 1892 912 dabit
1905 865 1972 930 pne

601 938 673 1008 suis
696 938 869 1008 laboribus
893 959 954 1026 per
977 939 1094 1008 villam
1121 939 1251 1026 precnti
1284 941 1451 1026 [pereunti
1463 943 1492 1026 l]
1525 951 1661 1012 tantum
1688 967 1749 1032 pro
1774 945 1868 1014 omni
1897 947 1966 1016 alin
2104 955 2111 964 '

602 1043 745 1114 seruicio
762 1043 903 1136 secularj
918 1043 1098 1112 exaccione
1113 1066 1174 1113 seu
1189 1045 1359 1114 demanda
1377 1065 1441 1132 que
1463 1049 1506 1115 de
1526 1047 1686 1134 predictis
1701 1049 1825 1118 annuis
1841 1051 1966 1120 Reddi-

601 1151 693 1220 tibus
708 1171 787 1219 cum
807 1149 1026 1235 pertinenciis
1049 1149 1241 1237 aliqualiter
1262 1151 1350 1238 exigi
1373 1151 1497 1238 poterit
1521 1163 1580 1222 aut
1603 1153 1727 1240 requiri
1751 1157 1966 1226 INSUPER

604 1252 874 1324 NOUERITIS
897 1253 968 1322 ME
990 1253 1025 1320 in
1049 1263 1271 1340 augmentum
1294 1255 1399 1322 divini
1415 1256 1529 1326 cultus
1551 1257 1713 1328 bonorem
1737 1259 1791 1330 dei
1813 1260 1968 1348 omnipo·

602 1361 709 1430 tentis
733 1357 928 1428 beatissime
954 1358 1094 1446 virginis
1120 1360 1226 1428 marie
1256 1369 1374 1430 sancte
1404 1363 1545 1432 barbare
1573 1363 1714 1452 virginis
1743 1385 1783 1434 ac
1812 1365 1966 1434 ornniunr

603 1466 780 1537 celestium
811 1463 937 1532 ciuium
968 1485 1190 1550 supernorum
1224 1485 1286 1550 pro
1322 1465 1433 1534 salute
1463 1465 1577 1536 anime
1606 1488 1682 1536 mee
1710 1475 1746 1536 et
1774 1468 1965 1541 animarum

604 1571 831 1661 predictarum
863 1591 906 1638 ae
938 1569 1090 1638 omnium
1128 1568 1278 1638 fidelium
1315 1571 1550 1640 defunctorum
1587 1572 1721 1642 dedisse
1756 1573 1971 1646 concessisse

603 1677 796 1762 assignasse
819 1682 853 1741 et
876 1673 941 1742 hac
963 1671 1112 1759 presenti
1127 1681 1222 1742 carta
1242 1694 1318 1740 rnea
1341 1675 1560 1744 confirmasse
1574 1675 1682 1744 Altari
1706 1679 1804 1748 beate
1826 1679 1969 1748 barbare

603 1779 745 1868 virginis
767 1778 854 1846 rnna
879 1777 1059 1846 ecclesiam
1082 1776 1326 1863 parrochialem
1351 1778 1433 1846 aaa
1460 1779 1555 1866 sagr
1578 1779 1722 1850 runcant
1752 1763 1823 1867 [sa]
1855 1791 1889 1852 et
1911 1805 1969 1852 a·

603 1889 739 1976 pellano
754 1893 917 1971 perpetuo
932 1883 1083 1952 eiusdem
1098 1883 1225 1950 Totam
1240 1893 1275 1952 et
1290 1883 1457 1970 integram
1473 1894 1597 1952 terram
1617 1907 1728 1956 meam
1745 1887 1965 1956 subteriorem

604 2005 637 2063 et
653 1990 860 2078 superiorem
876 2009 954 2057 cunr
974 1987 1045 2056 suis
1062 1987 1279 2075 pertinenciis
1297 1991 1470 2056 Iacentem
1487 1989 1573 2058 infra
1587 1991 1757 2076 prelatum
1771 1993 1914 2079 burgum
1930 1993 1967 2063 in

603 2099 679 2167 vico
710 2096 870 2164 Inferiore
899 2093 1041 2162 ecclesie
1070 2115 1113 2161 ex
1145 2094 1271 2164 boreali
1308 2103 1405 2180 parte
1441 2094 1593 2164 eiusdem
1622 2095 1694 2172 vici,
1718 2095 1806 2164 inter
1838 2106 1964 2166 terram

603 2203 773 2291 quondam
789 2199 892 2268 dauid
906 2200 1053 2284 gethane
1068 2221 1110 2266 ex
1124 2197 1281 2266 orientali
1296 2219 1337 2265 ex
1352 2219 1419 2266 vna
1435 2209 1469 2266 et
1484 2209 1610 2266 terram
1631 2201 1802 2286 quondam
1817 2201 1964 2270 Walteri

604 2327 742 2392 marnys
763 2326 805 2372 ex
827 2301 1028 2372 occidentali
1051 2302 1204 2388 partibus
1226 2303 1269 2370 ab
1292 2303 1399 2370 altera
1422 2313 1455 2369 et
1479 2325 1694 2372 communem
1709 2304 1799 2374 viam
1821 2305 1964 2394 Regiam

602 2433 721 2482 versus
747 2419 901 2480 austrum
923 2407 1197 2476 TENENDAM
1223 2406 1286 2474 ET
1311 2409 1583 2476 HABENDAM
1608 2419 1716 2478 totam
1738 2420 1773 2500 et
1796 2409 1967 2497 integram

604 2517 731 2588 dictam
754 2525 879 2582 terram
904 2533 981 2580 cum
1005 2511 1076 2578 suis
1098 2511 1316 2598 pertinenciis
1338 2513 1468 2599 prelato
1491 2514 1667 2599 capellano
1689 2523 1723 2582 et
1746 2513 1818 2584 suis
1832 2535 1965 2586 succes·

551 2675 556 2686 .
604 2623 736 2692 soribus
762 2617 948 2706 capellanis
974 2617 1056 2686 dicti
1082 2617 1202 2686 altaris
1226 2641 1246 2686 a
1270 2637 1325 2686 me
1352 2627 1385 2684 et
1412 2618 1591 2688 heredibus
1616 2619 1703 2688 meis
1727 2619 1763 2688 in
1788 2641 1909 2707 puram
1930 2631 1966 2690 et

604 2735 803 2814 perpetuam
826 2721 1039 2790 elimosinam
1065 2724 1317 2808 Imperpetuum
1340 2723 1429 2790 Cum
1451 2723 1544 2790 omni
1568 2725 1646 2790 Iure
1668 2735 1702 2792 et
1727 2724 1816 2792 Iuris
1834 2725 1966 2792 clames

604 2834 654 2900 Ac
678 2851 757 2898 cum
774 2827 937 2896 'omnibus
959 2825 1036 2894 aliis
1058 2834 1092 2892 et
1116 2825 1259 2910 singulis
1281 2825 1495 2894 libertatibus
1515 2827 1817 2896 commoditatibus
1830 2838 1863 2896 et
1878 2828 1966 2898 ssia-

605 2933 731 3004 mentis
752 2953 794 3004 ac
817 2925 923 3000 Iustis
946 2929 1017 2998 suis
1039 2927 1257 3016 pertinenciis
1278 2927 1535 3016 quibuscunque
1560 2931 1603 2998 ad
1628 2930 1814 3016 predictam
1838 2940 1965 3000 terram

604 3062 683 3109 curn
702 3033 920 3125 pertinenciis
942 3032 1175 3120 spectantibus
1195 3053 1255 3100 seu
1278 3035 1372 3100 Iuste
1395 3041 1549 3120 spectare
1570 3032 1762 3102 valentibus
1784 3035 1967 3122 quomodo·

604 3148 686 3218 libet
701 3145 902 3214 infuturum
918 3143 1012 3210 Adeo
1034 3139 1138 3208 libere
1160 3137 1310 3225 plenarie
1331 3138 1461 3224 integre
1484 3138 1668 3208 honorilice
1681 3141 1768 3208 benc
1782 3149 1816 3208 et
1831 3139 1869 3208 in
1882 3160 1969 3227 pace

605 3253 640 3320 in
656 3249 815 3320 omnibus
835 3257 869 3316 et
891 3267 952 3334 per
973 3243 1090 3314 omnia
1111 3243 1199 3312 sicut
1222 3243 1335 3330 aliqua
1353 3253 1443 3312 terra
1458 3242 1600 3312 ecclesie
1615 3243 1650 3312 in
1666 3265 1787 3332 penam
1801 3253 1836 3312 et
1851 3265 1966 3334 perpe

604 3367 699 3425 tuam
729 3349 942 3421 elimosinam
973 3351 1073 3418 datur·
1101 3347 1297 3416 conceditur
1326 3355 1385 3416 aut
1412 3347 1603 3434 possidetur
1628 3347 1702 3415 sins
1729 3347 1968 3419 Reuocacione

606 3457 869 3530 Reclamacione
889 3463 950 3524 aut
970 3452 1243 3522 contradiceione
1263 3451 1402 3540 aliquali
1423 3453 1612 3520 Reseruato
1634 3459 1751 3520 tamen
1772 3453 1970 3540 peremnia

606 3565 710 3634 libero
735 3570 931 3632 tenemento
957 3558 1108 3626 eiusdem
1135 3555 1239 3624 michi
1266 3577 1326 3644 pro
1352 3564 1424 3624 toto
1450 3564 1602 3642 tempore
1627 3555 1696 3623 vite
1723 3577 1798 3644 mee
1823 3557 1966 3626 CELE„

607 3669 806 3738 BRANDO
822 3667 900 3734 inde
915 3663 1028 3734 dictus
1047 3663 1244 3750 capellanus
1266 3671 1300 3730 st
1323 3661 1375 3730 sui
1398 3683 1611 3732 successores
1633 3661 1800 3750 capellani
1815 3661 1969 3730 eiusdem

606 3771 725 3844 altaris
740 3769 888 3858 qualibet
903 3767 985 3835 laria
1001 3765 1147 3854 septima
1160 3765 1316 3834 videlicet
1334 3767 1476 3835 sabbato
1490 3787 1593 3834 vnam
1617 3765 1759 3836 missam
1780 3768 1823 3836 de
1845 3767 1969 3836 beatis·

608 3875 696 3944 sima
711 3873 850 3960 Virgine
872 3871 980 3940 maria
1001 3872 1046 3939 ad
1069 3873 1164 3938 Idem
1180 3871 1287 3938 altare
1302 3869 1445 3956 singulis
1460 3870 1559 3938 annis
1572 3869 1695 3940 futuris
1712 3873 1968 3958 Imperpetuum

607 4002 668 4066 pro
698 3979 809 4048 salute
837 3977 951 4046 anime
979 3997 1054 4044 mee
1088 3975 1278 4044 animarum
1314 3975 1541 4061 predictarum
1571 3986 1606 4043 et
1635 3976 1787 4046 omnium
1816 3977 1969 4046 fidelium

608 4087 843 4156 defunctorum
868 4093 1003 4152 tanturn
1030 4103 1092 4170 pro
1116 4081 1209 4150 omni
1235 4081 1302 4150 alio
1331 4081 1474 4150 senricio
1504 4080 1684 4150 exaccione
1713 4103 1773 4150 seu
1798 4082 1971 4152 demanda

610 4213 675 4278 que
702 4192 743 4260 de
769 4188 920 4276 predicta
945 4197 1036 4255 terra
1065 4209 1142 4256 cum
1173 4186 1389 4274 pertinenciis
1419 4185 1610 4273 aliqualiter
1638 4185 1727 4272 exigi
1755 4187 1878 4274 poterit
1908 4197 1973 4256 aut„

610 4293 733 4382 requiri
758 4293 821 4360 ET
844 4293 942 4360 EGO
963 4293 1094 4358 VERO
1119 4289 1298 4360 DICTUS
1317 4289 1474 4358 dominus
1496 4289 1667 4358 Iohannes
1685 4288 1827 4358 heredes
1847 4289 1970 4358 meist

612 4399 776 4490 assignati
797 4409 889 4467 totos
903 4407 937 4466 et
952 4397 1102 4484 integros
1124 4417 1256 4464 annuos
1279 4397 1446 4465 Redditus
1467 4405 1501 4462 et
1523 4405 1648 4465 terram
1671 4394 1872 4481 prelibatam
1890 4415 1969 4462 cum

613 4508 684 4576 suis
709 4503 926 4593 pertinenciis
951 4503 1090 4592 prelatis
1114 4511 1232 4572 curato
1258 4501 1442 4588 capellanis
1468 4500 1561 4570 chori
1587 4511 1621 4570 et
1647 4499 1825 4588 capellano
1850 4498 1971 4568 altaris

613 4614 712 4686 beate
726 4612 867 4682 barbare
882 4607 1069 4701 prenotatis
1087 4629 1127 4680 ac
1150 4607 1221 4682 suis
1236 4607 1487 4680 successoribus
1503 4609 1543 4678 ln
1558 4605 1717 4678 omnibus
1730 4613 1765 4674 et
1780 4602 1971 4696 peremnia
