4490 5990
568 683 626 738 122
935 675 1036 742 Cano
1051 681 1207 762 processus
1228 677 1265 742 de
1287 681 1371 742 terra
1393 676 1491 742 motae
1513 693 1555 762 og

563 842 714 927 prelatus
736 843 893 912 dominus
911 847 1080 914 Iohannes
1103 857 1237 916 nostras
1252 847 1368 916 literas
1382 847 1630 917 testimoniales
1653 845 1773 934 sigillis
1794 845 1921 914 nostris

563 944 759 1013 roborandis
781 969 926 1015 vnacum
952 949 1197 1035 subscriptione
1221 950 1344 1036 notarij
1369 950 1494 1036 publicj
1521 949 1700 1036 subscripti
1727 947 1921 1016 reuerencia

561 1046 676 1118 debita
695 1047 798 1135 pecijt
814 1071 899 1136 qttas
915 1051 1024 1120 eidem
1041 1051 1220 1120 caritatiue
1236 1051 1467 1122 concessimus
1480 1054 1581 1120 Anno
1596 1053 1650 1122 die
1665 1071 1782 1120 mense
1797 1060 1831 1118 et
1847 1050 1922 1120 loco

563 1146 807 1236 prenominatis
839 1151 1028 1221 indictione
1066 1153 1196 1221 decima
1228 1165 1348 1240 quarta
1381 1155 1611 1242 pontifficatus
1649 1149 1855 1239 sanctissimj
1887 1149 1922 1220 in

563 1252 692 1320 christo
717 1254 823 1342 patris
848 1263 881 1321 et
905 1255 1032 1322 domini
1057 1257 1163 1324 nostri
1190 1257 1316 1324 domini
1345 1259 1423 1344 Iulij
1451 1258 1567 1326 diuina
1592 1255 1809 1344 prouidencia
1835 1277 1922 1344 pape

564 1355 702 1443 secundj
722 1378 811 1425 anno
834 1367 958 1426 octauo
979 1359 1065 1427 Acta
1088 1367 1184 1427 erant
1207 1359 1270 1428 hec
1293 1359 1328 1427 in
1351 1361 1442 1428 dicto
1464 1361 1611 1446 pretorio
1636 1361 1720 1426 hora
1743 1358 1922 1428 vndeeima

564 1466 644 1524 ante
659 1457 834 1526 meridiem
848 1459 904 1527 uel
921 1461 1052 1528 cocirca
1068 1464 1131 1529 sub
1149 1483 1239 1529 anno
1253 1461 1307 1530 die
1323 1485 1439 1530 mense
1462 1461 1645 1530 indictione
1662 1471 1696 1529 et
1711 1461 1921 1550 pontifficatu

565 1561 686 1646 quibus
709 1583 810 1648 super
832 1563 1045 1648 presentibus
1067 1564 1191 1632 ibidem
1207 1565 1357 1651 prouidis
1373 1575 1406 1632 et
1422 1565 1576 1633 honestis
1590 1564 1671 1632 viris
1686 1561 1830 1650 patricio
1851 1563 1923 1630 reid

565 1663 666 1732 dauid
689 1675 818 1735 steuart
842 1667 944 1736 dauid
967 1691 1041 1737 mar
1064 1669 1194 1737 seniore
1210 1673 1334 1740 andrea
1350 1671 1515 1738 meldrum
1533 1671 1689 1738 duncano
1703 1669 1767 1756 lyff
1780 1669 1922 1754 burgen-

563 1763 658 1833 sibus
673 1765 754 1854 dictj
778 1770 875 1856 burgj
899 1773 1086 1839 normando
1109 1771 1214 1858 lesley
1229 1775 1354 1841 andrea
1369 1773 1530 1840 nauchtie
1546 1783 1579 1839 et
1595 1773 1737 1860 gilberto
1760 1780 1921 1856 prestoun

564 1869 760 1955 sergeandis
775 1872 920 1940 testibus
936 1877 978 1941 ad
994 1873 1158 1960 premissa
1173 1875 1303 1944 vocatis
1319 1875 1446 1963 pariter
1460 1885 1494 1944 et
1510 1875 1637 1962 rogatis

696 2021 743 2088 Et
755 2043 817 2108 ego
830 2023 1001 2092 Iohannes
1013 2025 1189 2114 stirueling
1200 2013 1374 2114 presbyter
1385 2025 1504 2096 Sancti
1515 2027 1642 2096 andrea
1654 2023 1760 2092 sacris
1775 2023 1921 2092 auctori·

695 2123 824 2194 tatibus
839 2125 1006 2212 imperiali
1022 2137 1055 2196 et
1073 2130 1178 2216 regali
1204 2177 1211 2195 .
1238 2179 1246 2194 .
1273 2181 1279 2206 ,

861 2261 1084 2328 Testimonium
1101 2263 1220 2330 notorii
1235 2263 1355 2349 publici
1373 2263 1435 2348 legi
1452 2283 1516 2328 noo
1530 2267 1627 2348 potest

1173 2523 1321 2590 LXVII.

342 2688 385 2740 rot.
397 2685 446 2740 50¹
653 2655 881 2721 NIVERSIS
902 2665 936 2720 et
959 2653 1102 2740 singulis
1125 2657 1168 2722 ad
1191 2675 1332 2739 quorum
1352 2651 1513 2720 noticiam
1536 2661 1710 2739 presentes
1724 2651 1835 2720 littere
1850 2673 1923 2738 per·

695 2757 848 2824 uenerint
871 2758 1052 2824 alexander
1076 2759 1285 2825 Ruderlurde
1308 2757 1489 2826 alexander
1504 2777 1640 2822 menzes
1658 2757 1834 2824 duncanus
1849 2778 1924 2824 mar

343 2831 543 2934 nunclriffednn
562 2868 598 2926 et
622 2858 772 2944 patricus
794 2858 898 2944 lesley
923 2859 1039 2928 Iunior
1061 2859 1177 2944 balliuj
1202 2859 1298 2944 burgi
1320 2860 1362 2925 de
1384 2857 1522 2926 abirden
1546 2859 1711 2924 Etemam
1728 2859 1769 2924 In
1785 2859 1923 2926 domino

342 2947 473 3063 ‘¹3¹1ssan
566 2961 719 3028 Salutem
751 2981 828 3026 curn
859 2959 952 3044 pium
982 2959 1027 3028 eit
1057 2970 1090 3028 et
1122 2959 1330 3028 meritorium
1357 2959 1455 3028 fidele
1484 2959 1717 3027 testimonium
1748 2959 1923 3044 perhibere

343 3027 519 3132 iinrioffsoun
565 3061 700 3132 veritati
723 3063 771 3130 Et
793 3071 952 3130 notanter
973 3061 1008 3128 in
1031 3061 1097 3128 hiis
1115 3083 1180 3146 que
1200 3083 1314 3130 coram
1336 3061 1508 3128 Iudicibus
1528 3070 1561 3128 et
1581 3059 1751 3130 officiariis
1774 3062 1922 3148 supremi

565 3164 694 3234 domini
710 3163 817 3232 nostri
839 3165 929 3250 regis
950 3187 1013 3232 sua
1035 3165 1146 3232 officia
1168 3163 1401 3232 exercentibus
1425 3162 1571 3232 Iuridice
1586 3163 1814 3232 terminantur
1830 3164 1923 3234 Hinc

564 3268 724 3352 estquod
746 3287 861 3334 coram
884 3265 982 3334 nobis
1005 3266 1039 3332 in
1063 3267 1164 3352 plena
1183 3275 1217 3334 et
1237 3265 1375 3351 capitali
1399 3264 1492 3334 curia
1514 3274 1611 3336 tenta
1627 3264 1662 3332 in
1678 3265 1825 3360 pretorio
1840 3265 1923 3334 dicti

567 3369 663 3455 burgi
679 3369 733 3437 die
749 3371 828 3436 lune
844 3367 962 3454 quinto
977 3368 1030 3438 die
1047 3369 1181 3438 mensis
1195 3367 1343 3438 octobris
1364 3388 1455 3436 auno
1477 3367 1604 3436 domini
1628 3367 1808 3438 millesimo
1829 3370 1924 3455 quin·

566 3472 756 3559 gentesimo
771 3471 903 3540 decimo
918 3471 1063 3556 septimo
1078 3471 1230 3540 Accessit
1253 3472 1387 3540 barram
1403 3470 1569 3538 discretus
1584 3469 1634 3538 vir
1649 3469 1808 3540 dominus
1822 3473 1924 3542 dauid

566 3576 643 3644 trell
670 3574 830 3644 collector
856 3575 1108 3660 capellanorum
1135 3573 1266 3659 collegij
1294 3573 1438 3640 ecclesia
1460 3571 1664 3659 parochialis
1686 3573 1777 3640 beati
1799 3573 1923 3662 nicolaj

496 3753 498 3758 ,
565 3678 650 3748 dicti
665 3677 761 3762 burgi
777 3679 824 3744 Et
840 3676 941 3762 peciit
957 3699 977 3744 a
993 3676 1164 3744 communi
1177 3675 1297 3743 clerico
1309 3685 1378 3745 tres
1389 3697 1566 3761 processus
1581 3695 1640 3762 per
1650 3675 1762 3761 ipsum
1774 3676 1925 3766 legitime

565 3785 732 3852 deductos
758 3780 793 3848 in
815 3780 923 3848 tribus
945 3779 1047 3848 curiis
1069 3779 1273 3866 capitalibus
1298 3777 1555 3864 precedentibus
1579 3779 1621 3846 de
1647 3787 1682 3846 et
1705 3799 1806 3865 super
1830 3799 1925 3848 recu·

568 3883 746 3972 peracione
764 3881 980 3968 proprietatis
997 3881 1148 3950 eiusdem
1166 3890 1253 3948 terre
1268 3889 1364 3948 vaste
1386 3881 1556 3964 quondam
1577 3879 1693 3948 thome
1712 3901 1756 3966 og
1776 3881 1925 3970 labentis

568 3989 610 4054 de
625 3985 711 4054 facie
725 3984 851 4054 boreali
866 3983 931 4052 vici
947 3984 1048 4055 castri
1064 3993 1182 4052 contra
1197 3993 1330 4069 portam
1345 3982 1496 4052 eiusdem
1511 3983 1599 4050 inter
1612 3992 1738 4052 terram
1753 3987 1925 4068 quondam

573 4088 735 4158 lobannis
756 4086 996 4173 uilraingsoun
1019 4109 1060 4156 ex
1082 4086 1283 4156 occidentali
1301 4107 1343 4154 ex
1364 4107 1431 4154 vna
1453 4095 1487 4154 et
1509 4107 1708 4154 communes
1721 4085 1797 4154 viae
1814 4087 1926 4174 regias

570 4213 686 4262 versus
701 4190 813 4260 oriens
827 4199 861 4258 et
877 4200 1030 4259 austrum
1054 4190 1089 4258 in
1111 4189 1245 4260 delectu
1260 4188 1443 4258 solutionis
1457 4188 1556 4258 vuius
1571 4187 1676 4258 annui
1690 4190 1843 4258 redditus
1858 4193 1926 4262 Sex

570 4295 754 4362 solidorum
780 4301 815 4360 et
841 4301 918 4362 octo
943 4291 1157 4360 denariorum
1179 4291 1307 4362 vsualis
1329 4301 1464 4360 monete
1487 4291 1592 4360 scotie
1614 4291 1714 4360 dictis
1739 4293 1926 4380 capellanis

571 4396 721 4482 legitime
735 4395 839 4464 debiti
854 4403 888 4464 et
904 4418 924 4464 a
939 4395 1040 4482 longo
1055 4405 1206 4482 tempore
1229 4417 1297 4462 non
1320 4394 1421 4462 soluti
1444 4395 1576 4482 Quibus
1590 4394 1699 4462 tribue
1712 4396 1927 4481 processibus

571 4497 729 4586 perlectis
750 4507 784 4565 et
807 4497 957 4584 legitime
980 4499 1129 4585 probatis
1145 4499 1295 4585 prefatus
1308 4498 1467 4568 dominus
1488 4497 1591 4566 dauid
1605 4497 1743 4568 nomine
1758 4499 1925 4570 dictorum

572 4603 824 4692 capellanorum
847 4601 949 4687 peciit
971 4623 993 4670 a
1014 4601 1112 4672 nobis
1135 4601 1224 4672 Iuris
1246 4611 1280 4670 et
1304 4599 1443 4670 iusticie
1465 4599 1752 4689 complementum
1773 4601 1839 4676 eibi
1854 4603 1926 4674 fieri
