4490 5990
603 655 645 722 72
806 635 951 700 Donacr'o
974 633 1152 720 capellanis
1174 633 1311 700 Ecclesia
1327 633 1519 720 parochialis
1541 635 1578 700 de
1599 633 1759 700 Abirdem

604 817 818 897 pentecostes
837 805 1009 894 delegatis
1020 816 1054 874 et
1064 805 1216 892 legandis
1228 828 1288 892 per
1302 829 1379 874 eum
1395 817 1429 875 et
1444 817 1695 892 procuratorem
1711 805 1784 874 eius
1798 827 1860 892 pro
1874 827 1961 894 pane

605 925 639 984 et
654 916 732 982 vino
748 913 870 982 cotidie
886 913 1085 980 celebrando
1100 912 1135 980 in
1151 913 1242 980 dicta
1254 912 1397 980 ecclesia
1407 911 1592 998 parochiali
1604 914 1646 980 de
1661 911 1819 980 abirdene
1835 915 1882 980 Et
1897 912 1961 999 ipsi

605 1021 771 1108 capellani
786 1021 990 1088 tenebuntur
1012 1018 1187 1086 annuatim
1211 1019 1379 1086 celebrare
1402 1017 1650 1096 anniuersarios
1672 1017 1779 1103 patris
1794 1027 1828 1084 et
1844 1017 1962 1084 matris

606 1127 687 1195 dicti
703 1125 855 1210 magistri
871 1125 1016 1208 duncanj
1035 1146 1113 1191 curn
1129 1123 1234 1190 missa
1249 1126 1290 1190 de
1306 1133 1387 1192 nota
1402 1134 1436 1191 et
1446 1124 1522 1190 aliis
1537 1123 1679 1209 priuatis
1689 1121 1803 1190 missis
1818 1133 1852 1190 et
1867 1145 1962 1190 orare

425 1310 430 1322 Ι
605 1254 666 1318 pro
688 1231 778 1300 dicto
801 1230 963 1318 magistro
986 1231 1141 1296 duncano
1160 1239 1193 1296 et
1216 1251 1276 1314 pro
1299 1229 1477 1297 animabus
1499 1228 1605 1314 patris
1621 1237 1654 1295 et
1670 1227 1789 1294 matris
1811 1227 1962 1295 eiusdem

382 1309 518 1426 ῗηᾚωι
606 1359 748 1424 quorum
772 1333 1078 1404 anniuersariorum
1101 1355 1205 1402 vnum
1226 1355 1287 1420 pro
1307 1344 1403 1420 patre
1425 1333 1507 1402 dicti
1529 1333 1683 1420 magistri
1706 1333 1852 1419 duncanj
1879 1332 1963 1398 cele·

373 1429 491 1520 'senaar
555 1503 583 1554 i·
606 1443 750 1510 brabunt
780 1440 884 1526 xxvij⁰
913 1441 967 1508 die
997 1439 1124 1507 mensis
1155 1440 1302 1526 Ianuarij
1334 1451 1393 1508 aut
1423 1440 1458 1506 in
1487 1439 1657 1508 dominica
1689 1439 1842 1524 proxima
1879 1438 1963 1505 Inde

382 1507 584 1637 pprplprppepcsrr
608 1555 770 1630 sequente
789 1544 903 1612 Alium
921 1565 1001 1612 vero
1021 1565 1081 1630 pro
1104 1554 1213 1612 matre
1235 1545 1308 1612 eius
1329 1542 1490 1612 vicesimo
1512 1555 1635 1613 octauo
1657 1544 1711 1612 die
1733 1543 1861 1612 mensis
1885 1543 1961 1629 Iulij

383 1637 494 1754 imis
608 1649 721 1718 autin
743 1649 913 1718 dominica
936 1651 1020 1716 Inde
1043 1659 1204 1734 sequente
1220 1659 1253 1716 et
1269 1651 1410 1735 affigunt
1426 1660 1570 1736 quatuor
1592 1672 1707 1719 cereos
1729 1658 1766 1717 ut
1789 1649 1893 1716 moris
1911 1660 1963 1716 est

383 1764 554 1846 Rutnemde
607 1755 708 1824 dictis
731 1754 970 1823 anniuersariis
993 1755 1185 1840 sumptibus
1211 1755 1282 1822 suis
1305 1757 1450 1825 testibus
1472 1755 1962 1842 subscriptionibnsdictorum

380 1831 586 1966 ζζζξξξζξξέξῗζ
608 1861 716 1930 curati
739 1871 773 1928 et
796 1861 1047 1946 capellanorum

652 1969 727 2052 Ego
742 1967 844 2034 dauid
859 1968 969 2034 Waus
985 1975 1122 2032 curatus
1138 1965 1311 2034 subscribo
1326 1987 1430 2034 manu
1445 1967 1579 2052 propria

651 2074 726 2158 Ego
741 2073 932 2138 Alexander
945 2081 1044 2139 vocat
1060 2071 1256 2156 capellanus
1271 2093 1375 2140 manu
1391 2073 1525 2158 propria

651 2178 726 2262 Ego
741 2177 931 2244 Alexander
944 2196 1028 2261 gray
1042 2175 1239 2260 capellanus
1253 2197 1358 2243 manu
1373 2177 1507 2262 propria

651 2283 726 2367 Ego
743 2280 914 2348 Iohannes
929 2289 1004 2366 prat
1020 2280 1216 2366 capellanus
1231 2302 1334 2348 manu
1349 2282 1484 2368 propria

651 2387 727 2470 Ego
741 2386 895 2451 Andreas
909 2384 1026 2452 thome
1042 2384 1239 2470 capellanus
1254 2406 1357 2452 manu
1373 2385 1508 2472 propria

651 2493 727 2576 Ego
743 2491 914 2558 Iohannes
929 2490 971 2556 de
986 2509 1121 2556 camera
1136 2489 1318 2576 subscripsi
1334 2512 1438 2560 manu
1453 2491 1587 2578 propria

652 2597 727 2682 Ego
741 2595 949 2664 Wilhelmus
965 2593 1157 2662 morisoune
1172 2595 1368 2682 capellanus
1380 2617 1484 2664 manu
1499 2595 1633 2683 propria

652 2703 727 2790 Ego
742 2703 896 2770 robertus
910 2700 973 2768 leis
988 2701 1185 2786 capellanus
1200 2704 1348 2788 approbo
1363 2701 1529 2787 premissa

652 2809 728 2893 Ego
743 2805 900 2873 dominus
916 2803 1087 2871 iohannes
1099 2805 1210 2872 litster
1224 2805 1420 2890 capellanus
1436 2827 1539 2873 manu
1555 2805 1689 2892 propria

653 2911 728 2996 Ego
743 2908 900 2977 dominus
915 2907 1072 2975 matheus
1087 2907 1234 2975 nicholai
1251 2911 1446 2995 capellanus
1462 2931 1565 2978 manu
1581 2909 1715 2997 propria

522 3087 525 3096 ,
653 3017 728 3100 Ego
745 3016 924 3100 Ingramus
940 3014 1148 3080 bannerman
1164 3015 1360 3100 capellanus
1376 3037 1478 3083 manu
1494 3015 1629 3102 propria

653 3123 729 3206 Ego
744 3119 1086 3205 duncanusnauchty
1102 3119 1298 3206 capellanus
1314 3143 1417 3190 manu
1432 3121 1567 3208 propria

654 3227 729 3313 Ego
744 3226 897 3291 Andreas
912 3223 1038 3310 henricj
1056 3246 1160 3292 manu
1175 3225 1309 3310 propria

654 3334 729 3418 Ego
745 3331 916 3398 Iohannes
931 3329 1009 3397 blak
1024 3329 1220 3415 capellanus
1235 3351 1338 3396 manu
1354 3330 1488 3417 propria

654 3439 730 3524 Ego
744 3435 940 3505 Willelmus
956 3435 1168 3502 crukschank
1183 3457 1286 3503 manu
1301 3437 1436 3523 propria

656 3543 731 3626 Ego
746 3539 927 3608 alexander
940 3537 1045 3608 bisset
1061 3559 1164 3606 manu
1179 3539 1314 3626 propria

656 3647 732 3732 Ego
747 3643 927 3712 alexander
940 3642 991 3730 iyl
1002 3663 1106 3710 manu
1121 3642 1255 3730 propria

656 3753 732 3839 Ego
749 3752 920 3819 Iohannes
934 3748 1112 3836 stirueling
1125 3750 1321 3836 capellanus
1336 3769 1440 3818 manu
1455 3749 1589 3837 propria

657 3857 732 3941 Ego
749 3855 920 3922 Iohannes
934 3851 1189 3922 straohtauchin
1205 3875 1308 3922 manu
1323 3851 1459 3940 propria

657 3961 732 4045 Ego
747 3959 883 4026 thomas
898 3957 1012 4044 benvy
1027 3977 1131 4025 manu
1146 3958 1281 4044 propria

657 4069 732 4154 Ego
748 4067 891 4134 andreas
906 4087 989 4152 gray
1004 4064 1177 4134 subscribo
1194 4085 1298 4133 manu
1312 4063 1447 4150 pmpria

657 4175 704 4240 Et
722 4172 902 4241 alexander
921 4171 999 4238 club
1020 4169 1216 4255 capellanus
1237 4169 1346 4236 forma
1367 4167 1554 4254 prescripta
1569 4176 1603 4234 et
1618 4164 1815 4234 condicione
1836 4173 1971 4233 seruata

743 4277 855 4363 obligo
870 4299 925 4344 me
940 4277 983 4345 ad
999 4275 1193 4362 hujusmodi
1209 4276 1368 4361 exequias
1383 4275 1601 4344 celebrandas
1616 4295 1676 4360 pro
1691 4283 1787 4358 parte
1802 4293 1879 4340 mea

659 4383 705 4448 Et
721 4402 783 4467 ego
800 4381 991 4448 Richardus
1005 4379 1136 4466 patricij
1154 4380 1350 4466 capellanus
1365 4401 1468 4448 manu
1483 4379 1618 4466 propria
1995 4376 1998 4384 '

659 4489 734 4571 Ego
749 4487 902 4554 Thomas
917 4496 1038 4552 stanna
1054 4486 1250 4570 capellanus
1265 4507 1368 4553 manu
1383 4485 1518 4571 propria

547 4597 550 4603 ⁴
660 4593 735 4676 Ego
750 4591 903 4658 Andreas
917 4591 1087 4660 chawmcr
1101 4592 1297 4682 capellanus
1313 4611 1416 4660 manu
1431 4589 1566 4682 propria
1583 4651 1585 4655 .
