4472 5992
612 649 655 715 In
676 647 789 716 honore
810 647 1011 716 Sanctissinu
1032 647 1149 716 Matris
1171 647 1309 716 Ecclesia
1605 669 1644 734 13

283 819 499 890 natiuitatem
511 841 594 890 vasa
610 819 658 888 ire
668 820 795 889 fuimus
810 820 882 907 ipse
893 822 969 890 fons
981 842 1044 890 nos
1052 844 1135 890 vasa
1152 825 1216 890 Per
1228 824 1411 890 secundam
1428 820 1642 890 natiuitatem

283 948 366 994 vasa
381 927 607 995 misericordie
622 927 676 994 dci
691 927 762 994 fieri
779 927 963 995 meruimus
979 930 1108 996 Omnes
1128 949 1191 995 nos
1212 937 1291 996 ante
1307 927 1513 1014 baptismum
1530 928 1644 1014 phana

284 1030 408 1100 diaboli
430 1031 556 1100 luimus
576 1041 609 1100 et
630 1043 707 1119 post
731 1033 937 1118 baptismum
961 1033 1088 1120 templa
1111 1033 1228 1101 christi
1251 1055 1326 1101 esse
1349 1033 1533 1102 meruimus
1556 1035 1643 1102 Cum

284 1135 462 1204 manifeste
484 1137 565 1205 dicit
582 1139 757 1224 apostolus
771 1161 833 1206 vos
853 1139 942 1206 enim
966 1139 1049 1206 estis
1068 1140 1234 1224 templum
1251 1139 1303 1206 dei
1325 1161 1430 1206 vnum
1452 1138 1539 1206 sicut
1563 1135 1643 1206 dicit

284 1241 442 1310 dominus
466 1243 668 1313 Inhabitabo
683 1245 717 1310 in
734 1243 783 1312 eis
798 1253 832 1312 et
847 1245 935 1312 inter
956 1245 1049 1331 ipsos
1072 1246 1252 1314 ambulabo
1266 1255 1300 1312 et
1319 1247 1445 1313 Iterum
1461 1245 1643 1331 Templum

284 1345 375 1414 enim
398 1347 451 1414 dei
470 1348 599 1416 iactum
620 1359 672 1416 est
695 1351 783 1435 quod
804 1351 887 1418 est-is
906 1372 968 1418 vos
990 1361 1023 1417 et
1048 1353 1175 1417 iterum
1200 1349 1349 1417 Nescitis
1371 1349 1461 1418 enim
1484 1350 1643 1436 quoniam

285 1472 425 1537 corpora
444 1463 557 1521 vestra
582 1455 747 1540 templum
771 1465 822 1522 est
845 1455 984 1540 spiritus
1010 1455 1120 1522 sancti
1146 1456 1295 1523 aceciam
1323 1455 1453 1524 Soluite
1478 1457 1643 1542 templum

285 1555 350 1624 hoc
373 1567 408 1624 et
431 1557 466 1624 in
490 1559 601 1626 triduo
625 1559 824 1628 reedificabo
849 1559 931 1627 illud
956 1559 990 1628 id
1014 1571 1066 1626 cst
1089 1560 1254 1646 templum
1282 1562 1431 1648 corporis
1457 1561 1508 1628 sui
1537 1561 1646 1648 Igitur

284 1660 404 1730 fratres
415 1662 580 1730 carissimi
599 1666 809 1749 gaudeamus
820 1663 899 1750 quia
910 1666 1075 1750 templum
1088 1665 1140 1732 dei
1153 1687 1228 1732 esse
1244 1665 1428 1734 meruimus
1443 1667 1509 1734 Sed
1526 1665 1644 1732 timea-

286 1787 362 1834 mus
374 1788 416 1834 ne
428 1769 592 1853 templum
605 1769 658 1836 dei
671 1769 771 1838 malis
783 1769 940 1856 operibus
950 1769 1116 1838 violemus
1131 1769 1330 1866 Timeamus
1345 1769 1427 1838 illud
1443 1773 1532 1856 quod
1548 1791 1644 1856 apos·

285 1871 376 1940 tolus
394 1872 474 1940 dicit
494 1873 530 1941 Si
550 1874 625 1959 quis
645 1875 810 1962 templum
832 1876 885 1944 dei
900 1875 1076 1942 uiolauerit
1099 1875 1268 1962 disperdet
1293 1875 1388 1943 illum
1411 1875 1569 1944 dominus
1591 1879 1645 1943 Ita

284 1977 405 2044 iratres
434 1979 625 2048 laboremus
654 1991 692 2048 ut
722 1980 820 2050 nobis
850 1983 1013 2048 bonorum
1043 2003 1145 2067 opum
1180 1981 1333 2050 clauibus
1366 1980 1503 2048 ianuam
1535 1981 1644 2067 Regni

285 2083 421 2150 celestis
443 2085 571 2170 aperire
593 2109 775 2173 possumus
797 2087 885 2155 sicut
907 2087 997 2154 enim
1022 2087 1122 2155 malis
1145 2089 1302 2174 operibus
1324 2087 1420 2173 quasi
1443 2087 1644 2173 quibusdam

286 2187 369 2256 seris
401 2211 440 2256 ac
462 2191 614 2260 vectibus
641 2191 709 2258 vite
737 2191 835 2260 nobis
865 2191 968 2260 ianua
996 2192 1163 2261 clauditur
1190 2195 1244 2262 lta
1267 2195 1393 2278 absque
1420 2191 1521 2260 dubio
1549 2191 1646 2260 bonis

286 2294 442 2379 operibus
470 2297 618 2382 aperitur
644 2300 756 2384 Opera
783 2319 862 2384 ergo
894 2301 982 2366 bona
1014 2299 1220 2366 seminemus
1248 2299 1368 2366 fratres
1399 2299 1479 2365 dum
1510 2307 1646 2382 tempus

287 2410 339 2466 est
363 2399 496 2468 dicente
520 2391 675 2488 apostolo
702 2403 767 2490 Qui
798 2424 898 2488 parce
924 2402 1069 2470 seminat
1095 2425 1196 2488 parce
1222 2412 1255 2470 et
1283 2411 1387 2469 metet
1415 2400 1646 2488 infatigabiles

286 2505 402 2590 inquid
417 2509 498 2574 dum
521 2519 658 2594 tempus
675 2510 841 2576 habemus
860 2529 1038 2594 operemur
1056 2509 1181 2576 bonum
1198 2511 1240 2575 ad
1256 2529 1374 2575 omnes
1389 2517 1422 2574 et
1439 2505 1585 2574 maxime
1603 2507 1646 2573 ad

286 2613 492 2681 domesticos
506 2615 583 2682 lidei
601 2617 646 2681 Et
662 2635 740 2682 ecce
756 2635 846 2682 nunc
864 2623 1000 2701 tempus
1018 2613 1225 2700 acceptabile
1240 2635 1318 2680 ecce
1334 2633 1423 2680 nunc
1439 2611 1511 2680 dies
1526 2611 1647 2679 salutis

289 2719 383 2785 Deus
405 2719 557 2786 omnium
580 2719 637 2806 qui
660 2721 770 2788 celum
791 2731 824 2788 et
840 2731 965 2788 terram
980 2723 1081 2789 verbo
1104 2718 1258 2806 potencie
1281 2741 1340 2786 sue
1356 2717 1429 2786 sine
1443 2718 1511 2785 vllo
1534 2719 1647 2786 labore
1730 2773 1735 2784 .

287 2823 397 2908 potuit
419 2825 583 2892 fabricare
605 2825 689 2892 inte
712 2827 871 2912 dignatur
892 2825 1045 2894 hahitare
1062 2826 1143 2892 Ideo
1166 2824 1214 2892 sic
1237 2825 1339 2892 debes
1362 2845 1460 2909 agere
1482 2833 1519 2892 ut
1542 2823 1645 2890 talem

288 2927 513 2996 habitatorem
536 2951 603 2997 non
627 2929 840 2998 conuincaris
862 2931 1029 2998 offendere
1057 2931 1103 2996 Et
1127 2928 1154 2996 si
1178 2931 1261 2996 deus
1287 2930 1478 3014 redemptor
1503 2927 1648 2996 decessit

288 3031 405 3100 statim
430 3033 584 3103 diabolus
607 3037 766 3122 deceptor
789 3036 920 3104 accedit
946 3035 1066 3102 Infelix
1089 3045 1141 3102 est
1166 3033 1280 3101 anima
1303 3033 1362 3100 illa
1384 3055 1449 3118 que
1471 3055 1491 3100 a
1514 3053 1648 3100 summo

288 3138 360 3204 celo
378 3139 525 3208 defertur
538 3151 572 3208 et
588 3161 608 3208 a
624 3141 758 3209 diaholo
776 3151 961 3226 occupatur
978 3150 1164 3208 euacuatur
1181 3139 1308 3206 lumine
1326 3149 1360 3206 et
1378 3137 1525 3206 tenebris
1543 3137 1648 3204 adim·
1669 3155 1713 3208 tot.
1726 3157 1758 3208 ν

288 3242 399 3328 pietur
420 3245 615 3314 exhauritur
636 3247 813 3314 dulcedine
835 3245 1019 3315 inebriatur
1035 3267 1165 3313 veneno
1188 3245 1274 3312 etin
1294 3243 1518 3312 amaritudine
1540 3243 1648 3329 perdit

287 3347 392 3414 vitam
412 3351 547 3418 Inuenit
563 3361 705 3418 mortem
722 3352 864 3437 acquirit
883 3351 1086 3438 supplicium
1103 3351 1212 3437 perdit
1228 3349 1421 3437 paradisum
1439 3347 1599 3416 Fideliter
1615 3357 1648 3415 et

288 3461 378 3520 recte
403 3455 582 3523 ecclesiam
610 3468 752 3525 matrem
780 3469 931 3526 nostram
959 3457 1169 3544 spiritualem
1196 3456 1310 3542 populi
1331 3454 1508 3524 christiani
1533 3454 1648 3522 colunt

289 3555 345 3642 qui
358 3579 395 3624 se
405 3559 547 3628 ecclesie
561 3561 649 3629 filios
663 3585 738 3630 esse
754 3573 962 3650 cognoscunt
980 3565 1025 3632 Et
1043 3563 1163 3630 merito
1180 3571 1323 3631 matrem
1339 3559 1516 3644 ecclesiam
1533 3561 1648 3627 colunt

289 3685 348 3748 per
362 3687 464 3750 quam
487 3689 524 3734 se
547 3667 766 3754 spiritualiter
788 3670 952 3738 advitam
975 3680 1191 3756 regeneratos
1213 3668 1324 3736 sciunt
1343 3677 1376 3735 et
1395 3669 1535 3735 credunt
1559 3669 1648 3754 Quo·

288 3767 377 3836 tiens
403 3773 446 3838 ad
472 3773 650 3842 ecclesiam
680 3774 836 3844 venimus
866 3777 1000 3861 qualem
1031 3775 1182 3842 inuenire
1211 3774 1368 3841 volumus
1397 3773 1484 3840 tales
1515 3771 1648 3839 animas

288 3883 424 3941 nostras
452 3897 630 3963 preparare
658 3881 820 3948 debemus
846 3882 1014 3965 quomodo
1037 3890 1075 3947 tu
1100 3879 1208 3946 intras
1232 3877 1266 3944 in
1291 3876 1469 3946 ecclesiam
1493 3875 1541 3944 sic
1565 3879 1648 3944 deus

288 3979 360 4044 vult
376 3978 410 4046 in
427 3980 576 4050 animam
592 3993 687 4052 tuam
703 3983 829 4052 intrare
844 3984 893 4052 sic
909 3985 981 4070 ipse
997 3983 1151 4070 promisit
1167 3983 1363 4051 inhabitabo
1379 3981 1413 4048 in
1429 3981 1497 4048 illis
1521 3983 1648 4050 Sancta

289 4093 398 4150 mater
408 4086 551 4154 ecclesia
563 4087 784 4156 immaculata
799 4089 914 4156 cohitu
930 4089 1073 4158 secunda
1089 4099 1188 4175 partu
1197 4087 1290 4173 virgo
1302 4097 1354 4154 est
1367 4085 1525 4154 castitate
1541 4095 1649 4152 mater

289 4197 341 4255 est
362 4189 454 4274 prole
475 4191 618 4276 parturit
639 4213 702 4260 nos
722 4193 836 4279 itaque
861 4195 955 4280 virgo
980 4216 1048 4262 non
1071 4193 1213 4262 caritate
1236 4195 1306 4277 [sic]
1329 4194 1429 4279 plena
1449 4194 1508 4260 sed
1528 4191 1648 4279 spiritu

289 4293 376 4379 parit
392 4316 454 4362 nos
469 4296 562 4382 virgo
578 4319 645 4365 non
662 4289 868 4368 cumdolore
885 4303 1111 4370 membrorum
1128 4303 1186 4368 sed
1205 4323 1282 4368 cum
1298 4300 1432 4386 gaudijs
1452 4299 1648 4392 angelorum

290 4397 395 4466 nutrit
430 4421 493 4468 nos
523 4401 617 4488 virgo
647 4423 714 4470 non
743 4405 891 4491 corporis
921 4407 1010 4474 lacte
1040 4408 1100 4473 sed
1130 4405 1298 4473 catholica
1324 4405 1390 4472 fide
1414 4404 1515 4472 Alma
1542 4414 1650 4473 mater

283 4503 432 4572 'ecclesia
454 4507 549 4592 uirgo
571 4519 623 4576 est
646 4510 787 4578 ecclesie
810 4511 1033 4580 sacramentis
1055 4523 1165 4578 mater
1186 4521 1237 4578 est
1261 4511 1395 4596 populis
1418 4511 1510 4596 Erga
1529 4512 1649 4578 iratres

289 4607 457 4677 karissimi
473 4611 692 4682 iocundemur
706 4625 739 4682 et
756 4637 833 4684 cum
851 4637 975 4702 magna
990 4616 1202 4686 exultacione
1218 4617 1361 4683 letemur
1375 4614 1409 4682 in
1426 4615 1649 4684 adomacione
