4488 5996
639 662 702 730 254
821 645 980 718 statutum
1002 643 1038 712 dc
1060 643 1289 732 capellanorum
1310 643 1453 713 absencia
1474 667 1495 712 a
1517 645 1615 712 variis
1637 645 1814 716 ceremoniis

639 818 891 894 contradicente
914 841 974 906 pro
997 839 1032 884 se
1055 828 1089 885 et
1112 817 1183 884 suis
1206 819 1456 886 successoribus
1475 820 1728 906 Imperpetuum
1745 820 1994 886 obseruandum

638 932 828 997 statuerunt
852 926 941 1008 quod
963 933 1160 1009 procurator
1182 923 1239 1008 qui
1262 945 1322 1009 pro
1344 934 1495 1010 tempore
1517 923 1767 996 fueritlelectus
1790 933 1823 990 et
1847 925 1898 1009 suj
1921 945 1995 990 suc-

638 1049 788 1095 cessores
810 1029 996 1114 deligenter
1017 1027 1169 1114 singulos
1192 1029 1350 1095 absentes
1372 1031 1415 1096 ab
1438 1029 1587 1114 exequiis
1609 1029 1939 1098 defunctorumtam
1959 1025 1994 1094 in

636 1133 759 1220 vigiliis
775 1155 887 1219 *quarn
911 1134 1081 1204 missiset
1104 1133 1225 1202 ceteris
1250 1133 1645 1220 missispnrticularibus
1669 1133 1912 1204 ebdomidatim
1934 1153 1995 1218 pro

636 1239 890 1312 fundationibus
919 1238 1129 1306 celebrandis
1158 1247 1318 1306 notentur
1343 1248 1377 1305 et
1403 1237 1438 1305 in
1462 1237 1597 1324 scriptis
1623 1237 1818 1324 redigantur
1845 1247 1887 1304 ct·
1905 1237 1994 1322 quod

637 1343 777 1428 quilibet
793 1343 984 1410 absentium
996 1364 1017 1410 c
1028 1341 1152 1428 vigiliis
1164 1351 1372 1410 mortuorum
1385 1363 1444 1428 pro
1456 1365 1544 1428 pena
1555 1344 1665 1410 soluet
1682 1352 1825 1428 quatuor
1839 1341 2008 1410 denarios.

512 1483 514 1490 v
637 1457 671 1516 et
687 1449 852 1535 premissa
867 1451 908 1516 de
924 1459 1006 1516 nota
1021 1451 1106 1516 duos
1121 1449 1278 1516 denarios
1293 1459 1326 1516 et
1342 1471 1401 1535 pro
1425 1449 1530 1516 missa
1552 1449 1742 1535 trigentalis
1757 1449 1833 1534 iiij⁰=
1847 1449 1869 1514 d
1884 1457 1918 1514 et
1934 1468 1994 1533 pro

637 1551 743 1620 missa
765 1554 959 1640 particularj
984 1553 1125 1622 totidem
1149 1563 1183 1620 et
1206 1554 1270 1620 hoc
1296 1555 1387 1620 omni
1412 1555 1544 1622 seclusa
1570 1555 1787 1626 excusatione
1813 1553 1878 1620 nisi
1904 1553 1994 1623 infir·

638 1657 757 1726 mitate
777 1669 837 1726 aut
855 1657 1123 1744 peregrinatione
1145 1658 1349 1743 impediatur
1371 1668 1429 1726 aut
1452 1657 1675 1726 sufficientem
1698 1658 1882 1728 choristam
1898 1667 1994 1724 extra

624 1763 769 1850 ·collegij
787 1785 965 1831 numerum
981 1787 1042 1833 suo
1058 1765 1132 1832 loco
1147 1765 1272 1832 habeat
1288 1766 1335 1830 Et
1351 1765 1415 1831 hoc
1428 1767 1475 1832 Et
1487 1765 1543 1850 quj
1557 1764 1718 1832 defecturi
1733 1765 1821 1832 tales
1833 1765 1874 1831 In
1887 1763 1993 1830 mani·

553 1911 555 1916 ·
637 1869 701 1936 bus
723 1869 913 1936 collectoris
927 1891 1032 1955 vsque
1050 1869 1093 1936 ad
1116 1879 1313 1955 computum
1338 1880 1514 1936 seruentur
1536 1879 1596 1938 aut
1619 1891 1720 1956 super
1742 1869 1873 1938 edificia
1888 1890 1929 1934 ac
1944 1889 1994 1934 re·

637 1963 830 2058 parationes
844 1975 1076 2042 communium
1090 1976 1267 2042 domorum
1283 1975 1426 2042 fideliter
1440 1975 1663 2060 disponantur
1677 1985 1777 2061 prout
1792 1974 1994 2060 respondere

636 2073 779 2141 voluerit
795 2097 911 2142 coram
933 2077 996 2144 deo
1018 2087 1051 2147 et
1074 2077 1158 2164 ipsis
1176 2079 1223 2144 Et
1239 2078 1303 2144 hoc
1318 2078 1566 2164 imperpetuum
1581 2078 1650 2146 iore
1666 2081 1914 2146 obseruandum
1931 2079 1993 2160 sub

638 2175 710 2242 suis
725 2176 1027 2263 subscriptionibus
1048 2177 1311 2246 irreuocabiliter
1332 2182 1554 2248 decreuerunt
1577 2181 1685 2266 Super
1700 2180 1822 2266 quibus
1836 2180 1994 2248 omnibus

572 2355 577 2368 ¹
637 2289 672 2344 et
699 2279 842 2366 singulis
867 2302 887 2346 a
914 2301 968 2346 me
995 2281 1126 2348 notario
1156 2281 1220 2348 hoc
1251 2282 1414 2368 scriptum
1445 2285 1508 2350 sub
1539 2284 1760 2368 Instrumentj
1788 2284 1896 2350 forma
1922 2281 1993 2348 fieri

638 2381 811 2468 pecierunt
827 2383 914 2449 Acta
929 2382 1019 2448 enirn
1039 2394 1134 2452 erant
1158 2384 1221 2450 hec
1244 2385 1362 2453 horam
1386 2385 1476 2452 circa
1499 2395 1656 2454 octauam
1673 2397 1752 2454 ante
1768 2385 1942 2454 meridiem
1957 2385 1993 2452 in

639 2483 787 2569 capitulo
809 2484 950 2552 ecclesie
966 2485 1035 2571 diuj
1052 2485 1210 2572 nicholaij
1229 2487 1341 2574 oppidj
1364 2487 1522 2555 abirdene
1544 2490 1643 2556 Anno
1666 2489 1719 2556 die
1743 2511 1859 2556 mense
1883 2489 1993 2556 Indic-

638 2587 730 2656 tione
745 2598 779 2656 et
791 2587 990 2678 pontificatu
1006 2588 1127 2674 quibus
1138 2611 1240 2676 supra

813 2793 977 2880 Magister
991 2795 1187 2864 Willelmus
1202 2795 1395 2886 philipsoun
1411 2799 1454 2864 ad
1469 2798 1531 2866 hec
1548 2819 1651 2866 manu
1666 2799 1801 2886 propria

811 2897 968 2966 dominus
985 2900 1156 2967 Iohannes
1171 2922 1307 2987 murray
1322 2904 1365 2968 ad
1381 2902 1443 2968 hec
1460 2923 1563 2968 manu
1579 2903 1713 2989 propria

812 3003 973 3090 magister
987 3005 1140 3074 robertus
1156 3029 1298 3074 masoun
1314 3030 1418 3076 manu
1433 3009 1567 3096 propria

813 3105 984 3174 Iohannes
999 3107 1064 3193 iyie
1080 3131 1184 3176 manu
1199 3110 1334 3198 propria

811 3210 948 3276 thomas
963 3210 1073 3298 bynne
1090 3234 1193 3280 manu
1209 3212 1343 3300 propria

811 3311 969 3380 dominus
985 3313 1155 3382 Iohannes
1171 3337 1244 3384 mar
1259 3336 1363 3382 manu
1375 3315 1508 3404 propria

812 3420 867 3485 Ita
882 3429 933 3486 est
950 3419 1112 3506 magister
1125 3420 1227 3488 dauid
1243 3421 1391 3488 menzeis
1406 3421 1560 3488 notarius
1575 3421 1730 3508 publicus
1740 3443 1843 3490 manu
1859 3423 1993 3510 propria

811 3521 968 3588 dominus
983 3523 1084 3591 dauid
1099 3546 1212 3591 wauss
1228 3547 1331 3592 manu
1347 3523 1480 3611 propria

810 3625 1018 3694 Wilhelmus
1033 3647 1156 3713 couper
1171 3649 1275 3694 manu
1290 3625 1424 3714 propria

811 3727 968 3798 dominus
984 3729 1126 3796 andreas
1143 3751 1273 3814 cowper
1288 3751 1391 3796 manu
1407 3729 1541 3816 propria

811 3831 967 3898 dominus
985 3832 1154 3899 Iohannes
1168 3854 1281 3899 wauss
1296 3853 1406 3910 manu,
1415 3832 1549 3918 propria

810 3933 967 4000 dominus
983 3933 1084 4002 dauid
1100 3933 1162 4000 leis
1177 3956 1280 4002 manu
1296 3933 1429 4021 propria
1444 4007 1446 4012 ,

810 4040 967 4108 dominus
984 4041 1154 4108 Iohannes
1170 4043 1328 4129 Cumyng
1342 4063 1446 4108 manu
1461 4041 1595 4128 propria

1073 4251 1114 4316 In
1123 4249 1206 4336 solio
1224 4249 1302 4318 102¹
1317 4249 1400 4316 nibil
1413 4250 1561 4338 scriptum
