4472 5992
562 703 807 770 immmentum
829 700 954 768 Sabine
977 697 1146 768 Terrarum
1167 701 1204 768 cte
1226 701 1317 770 Croir
1601 719 1624 788 7

262 888 414 950 mentum
446 875 588 948 Cunctis
614 885 730 964 pateat
756 875 930 944 euidenter
954 883 988 942 et
1015 873 1059 942 sit
1085 883 1204 942 uotum
1232 877 1321 962 quod
1351 895 1441 945 anno
1469 877 1623 946 incarna-

262 985 370 1056 cionis
392 983 559 1053 dominice
583 979 763 1050 millesimo
788 978 1356 1068 quadringentesimosexagesimo
1378 992 1472 1052 sexto
1496 983 1623 1052 mensis

262 1111 341 1160 vero
373 1089 462 1158 Iunii
499 1089 554 1157 die
582 1085 863 1172 vicesimoquinto
894 1085 1083 1153 Indictione
1111 1085 1366 1172 decimaquarta
1400 1088 1623 1158 Pontificatus

264 1193 471 1264 sanctissimi
501 1193 537 1260 in
567 1191 694 1262 christo
724 1189 832 1277 patris
860 1200 894 1258 et
924 1189 1052 1259 domini
1081 1190 1188 1258 nostri
1219 1192 1346 1260 domini
1378 1193 1476 1262 Pauli
1510 1193 1623 1264 divina

263 1297 473 1388 providentia
495 1319 583 1384 pape
604 1295 743 1365 secundi
766 1316 857 1364 anno
879 1293 953 1362 eius
975 1297 1123 1363 secundo
1145 1297 1185 1368 In
1206 1296 1272 1364 mei
1295 1297 1417 1386 notamj
1442 1299 1567 1388 publici
1589 1311 1623 1368 ct

263 1403 403 1474 testium
427 1401 693 1488 subscriptorum
716 1399 886 1487 presentia
912 1399 1133 1486 personaliter
1156 1401 1362 1470 constitutus
1389 1403 1552 1472 honestus
1573 1403 1624 1472 vir

265 1507 380 1578 Dauid
407 1507 497 1576 filius
525 1505 685 1575 Duocani
711 1526 798 1573 vnus
826 1526 997 1572 marorum
1024 1504 1282 1575 vicecomitatus
1309 1507 1351 1576 de
1373 1508 1549 1578 Ahcrdcne
1581 1511 1623 1578 de

266 1617 429 1684 mandato
459 1623 493 1682 et
522 1621 680 1700 precepto
711 1620 748 1680 ut
779 1610 969 1697 assignauit
1002 1611 1125 1680 nobilis
1153 1611 1215 1680 viri
1252 1613 1417 1682 Iohannis
1446 1613 1623 1702 ogistounc

264 1717 474 1788 vicecomitis
515 1717 668 1804 deputati
710 1719 751 1785 de
786 1718 961 1786 Aberdene
1000 1717 1188 1787 honorabili
1224 1727 1257 1787 et
1294 1719 1441 1788 multum
1482 1720 1625 1790 circum·

267 1832 383 1910 specto
419 1823 491 1892 viro
530 1823 677 1892 Ricardo
715 1823 757 1890 de
795 1823 917 1909 kyntor
954 1843 1015 1908 pro
1053 1831 1205 1910 tempore
1241 1824 1410 1912 preposito
1449 1825 1545 1912 burgi
1582 1828 1623 1894 de

265 1929 440 1998 Aberdcnc
465 1927 522 1996 vni
548 1927 637 1996 inter
661 1936 851 1996 attumatos
877 1925 1037 2014 prepositi
1064 1927 1242 1996 balliorum
1268 1929 1447 2000 consulum
1472 1940 1507 1998 et
1533 1951 1623 2000 com·

265 2031 442 2100 munitatis
477 2031 558 2102 dicti
584 2031 680 2118 burgi
716 2031 908 2118 specialiter
936 2031 1111 2100 nominato
1137 2053 1177 2102 ac
1204 2033 1239 2100 in
1268 2033 1374 2104 literis
1409 2035 1622 2106 Serenissimi

180 2125 183 2130 ’
264 2137 425 2224 principis
451 2147 485 2208 et
511 2137 638 2207 domini
667 2137 781 2206 Iacobi
811 2137 939 2206 domini
970 2139 1148 2206 Scotorum
1180 2139 1285 2228 Regis
1314 2140 1534 2210 illustrissimi
1560 2143 1623 2210 sub

264 2243 459 2312 testimonio
489 2243 605 2329 magni
635 2242 744 2328 Sigilli
775 2241 856 2311 dicti
889 2242 993 2328 Regis
1022 2242 1056 2309 in
1087 2265 1164 2311 cera
1194 2243 1272 2312 alba
1302 2243 1460 2330 sigillatis
1489 2247 1530 2314 In
1559 2245 1623 2312 hac

264 2358 360 2435 parte
375 2349 605 2436 principaliter
618 2349 804 2417 constituto
818 2349 922 2416 veluti
939 2348 1151 2416 manifestius
1166 2350 1276 2436 patuit
1291 2350 1437 2418 intuenti
1452 2349 1623 2420 Saisinam

264 2461 429 2522 terrarum
449 2455 490 2522 de
511 2453 609 2524 Crois
631 2476 709 2521 cum
732 2453 949 2540 pertinenciis
973 2453 1161 2522 lacentium
1185 2453 1271 2522 infra
1285 2455 1560 2524 vicecomitatum
1583 2455 1623 2523 de

265 2561 431 2628 aberdene
456 2559 592 2627 nomine
616 2558 783 2626 dictorum
806 2559 966 2646 prepositi
988 2558 1167 2628 balliorum
1190 2561 1369 2628 consulum
1387 2569 1420 2628 et
1437 2559 1623 2630 communi-

264 2663 346 2731 tatis
370 2661 451 2734 dicti
476 2663 572 2750 burgi
598 2663 798 2732 hereditarie
828 2663 966 2732 tradidit
997 2663 1198 2732 conferendo
1224 2685 1284 2750 per
1309 2664 1372 2734 sibi
1402 2664 1623 2734 tradicionem

265 2779 352 2836 terre
375 2778 408 2836 et
431 2767 553 2856 lapidis
577 2769 617 2834 In
640 2767 867 2854 principaliori
894 2767 1061 2836 dictarum
1087 2777 1253 2836 terrarum
1277 2767 1473 2838 habitaculo
1495 2767 1623 2838 dictum

267 2873 450 2942 Ricardum
471 2873 607 2960 nomine
622 2895 689 2960 quo
705 2895 806 2960 supra
826 2873 1035 2958 imponendo
1055 2873 1248 2940 Secundum
1263 2871 1407 2942 formam
1424 2883 1457 2942 et
1472 2882 1624 2942 tenorem

265 2989 358 3048 carte
385 2978 497 3066 Regis
517 2977 617 3046 dictis
642 2978 812 3064 preposito
838 2977 973 3046 balliuis
999 2977 1194 3046 consulibus
1219 2988 1253 3046 et
1280 2978 1517 3048 communitati
1543 2977 1624 3060 dicti

266 3083 361 3170 burgi
388 3105 548 3152 concesse
574 3085 717 3170 desuper
742 3092 775 3150 et
801 3083 952 3151 conferte
983 3083 1151 3151 Omnibus
1177 3084 1265 3170 quod
1291 3083 1463 3171 proposito
1488 3083 1630 3152 balliuis

265 3191 461 3260 consulibus
483 3199 517 3258 et
539 3189 777 3257 communitati
802 3188 899 3275 burgi
921 3191 962 3257 de
977 3190 1151 3257 Aberdenc
1173 3191 1217 3258 ad
1240 3189 1403 3258 saisinam
1425 3188 1625 3259 hereditarie

266 3295 354 3364 sicut
372 3296 553 3382 predicitur
569 3295 682 3364 debito
700 3295 800 3362 modo
818 3295 1055 3364 conserendam
1075 3294 1329 3362 Illustrissimus
1351 3297 1425 3363 Rex
1446 3297 1624 3364 Scotorum

268 3401 413 3469 Iacobus
433 3399 624 3468 antedictus
644 3421 703 3487 per
725 3422 806 3468 suas
824 3399 941 3468 literas
955 3399 1146 3468 vicecomiti
1166 3409 1200 3468 et
1220 3399 1356 3468 halliuis
1376 3399 1447 3468 suis
1467 3401 1509 3468 de
1523 3402 1625 3468 Aber-

265 3507 351 3572 denc
373 3505 519 3574 directas
542 3508 679 3574 dederat
702 3506 737 3573 in
760 3506 932 3574 mandatis
959 3527 1101 3592 quarum
1126 3515 1224 3574 tenor
1249 3505 1400 3591 sequitur
1422 3515 1521 3592 prout
1547 3527 1626 3574 ecce

265 3610 473 3678 IACOBUS
489 3611 542 3678 dei
558 3611 668 3696 gratia
690 3613 764 3679 Rex
783 3621 953 3679 scotorum
969 3609 1160 3680 vicecomiti
1180 3619 1214 3680 et
1235 3611 1370 3680 balliuis
1390 3609 1461 3680 suis
1475 3613 1517 3680 de
1532 3613 1625 3680 aber·

266 3713 352 3780 dene
378 3712 523 3780 salutem
551 3714 640 3802 Quia
666 3715 897 3784 concessimus
923 3715 1125 3784 hereditarie
1149 3715 1282 3784 dilectis
1307 3715 1432 3784 nostris
1455 3715 1625 3804 preposito

266 3815 402 3884 balliuis
424 3817 619 3886 consulibus
639 3827 673 3885 et
693 3821 930 3889 communitati
953 3820 1049 3908 burgi
1072 3821 1178 3889 nostri
1201 3823 1243 3890 de
1265 3823 1430 3890 aberdenc
1451 3831 1561 3890 terras
1582 3825 1625 3896 dc

266 3921 364 3990 Crois
389 3943 466 3990 cum
494 3923 710 4008 pertinenciis
734 3928 894 4014 Jacentes
917 3926 1003 3996 inira
1030 3927 1168 3998 ballium
1191 3937 1339 3996 vestram
1366 3927 1512 4014 quequid
1533 3939 1623 3996 terrs

267 4046 345 4092 cum
371 4027 588 4112 pertinenciis
612 4029 747 4098 fuerunt
775 4031 938 4100 Iohannis
964 4033 1175 4120 bannyrman
1202 4035 1244 4102 de
1270 4033 1396 4102 alesike
1423 4033 1623 4102 hereditarie

268 4131 314 4198 Et
337 4151 422 4216 quas
447 4135 541 4202 Idem
567 4135 738 4204 Iohannes
760 4157 828 4204 non
850 4138 884 4204 vi
907 4147 966 4206 aut
989 4149 1082 4206 metu
1106 4140 1229 4207 ductus
1253 4139 1293 4208 In
1316 4137 1474 4208 manibus
1499 4139 1624 4207 nostris

267 4253 348 4318 pure
372 4243 406 4302 et
429 4233 627 4322 simpliciter
651 4239 837 4325 resignauit
863 4252 961 4328 prout
984 4242 1020 4310 in
1042 4251 1136 4312 carta
1162 4252 1279 4311 nostra
1302 4244 1446 4330 desuper
1469 4244 1623 4312 coniecta

234 4365 238 4372 ·
266 4337 399 4423 plenius
429 4341 621 4410 continetur
650 4345 756 4412 Vobis
786 4347 991 4433 precipimus
1024 4357 1057 4414 et
1091 4349 1296 4416 mandamus
1326 4358 1494 4433 quatenus
1524 4348 1624 4416 dictis
1646 4359 1735 4412 t01.u¹

265 4442 435 4528 preposito
447 4445 582 4514 balliuis
597 4449 792 4518 consulibus
804 4461 837 4518 et
849 4453 1085 4520 communitati
1097 4453 1260 4522 saisinam
1276 4451 1442 4522 dictarum
1457 4463 1623 4522 terrarum

266 4567 344 4614 cum
374 4549 590 4634 pertinenciis
620 4557 806 4623 secundum
836 4566 987 4626 tenorem
1018 4558 1107 4626 dicte
1136 4567 1229 4626 carte
1259 4567 1373 4625 nostre
1404 4579 1506 4644 quam
1540 4561 1626 4627 Inde

267 4649 393 4723 habent
429 4656 522 4725 Iuste
556 4657 679 4730 habere
710 4659 842 4731 faciatis
873 4671 906 4732 et
939 4661 1011 4732 sine
1045 4663 1206 4738 dilatione
1236 4674 1270 4732 et
1300 4664 1364 4734 hoc
1398 4663 1491 4736 nullo
1524 4653 1624 4739 modo
