4490 5990
789 643 931 712 Donatio
952 643 1052 710 lionae
1078 645 1174 712 Waus
1600 663 1662 730 133

430 823 464 884 et
494 814 629 902 singula
657 815 739 884 dum
772 825 810 886 ut
847 815 1093 904 presclr)ibitur
1129 817 1247 884 fierent
1283 833 1430 886 unacum
1467 815 1662 924 prescriptis

430 919 590 992 iratribus
608 919 820 1008 presentibus
840 919 973 1008 interiuj
995 943 1101 1008 eaque
1124 921 1173 990 sic
1195 919 1267 990 fieri
1288 919 1356 1008 vidj
1381 919 1465 1008 sciuj
1490 932 1524 990 et
1546 920 1662 992 audiui

431 1035 465 1094 et
481 1028 600 1096 eadem
615 1026 651 1094 in
666 1036 783 1096 notam
803 1025 906 1114 recipi
922 1036 956 1097 et
971 1027 1006 1096 in
1021 1027 1111 1098 hanc
1126 1027 1270 1096 lormam
1288 1027 1394 1116 redigi
1411 1028 1475 1096 sub
1495 1027 1661 1114 subscrip·

432 1133 524 1202 tione
546 1142 581 1203 et
603 1132 700 1222 signo
723 1132 809 1204 meis
831 1132 941 1204 solitis
964 1143 999 1204 et
1021 1133 1194 1206 consuetis
1211 1143 1245 1204 et
1263 1136 1412 1222 approbo
1432 1133 1465 1202 le
1484 1133 1661 1204 annuatim

432 1237 685 1308 interlineatum
1275 1239 1575 1330 [chirographum]

392 1443 395 1454 ·
523 1411 569 1482 Et
585 1435 648 1502 ego
668 1413 875 1483 Wilhelmus
897 1413 1091 1502 philipsoun
1114 1413 1221 1482 sacris
1243 1413 1430 1501 apostolica
1445 1424 1479 1484 et
1494 1413 1660 1503 imperiali
1681 1416 1727 1470 10¹·
1738 1415 1787 1471 ⁶4¹

433 1517 692 1586 auctoritatibus
717 1517 869 1586 notarius
895 1519 1050 1606 publicus
1076 1527 1110 1586 et
1136 1517 1276 1606 capituli
1301 1519 1469 1587 confrater
1494 1521 1575 1589 dum
1598 1519 1661 1588 hee

433 1621 599 1708 obligacio
629 1643 690 1690 seu
721 1621 977 1710 compromissio
1007 1631 1041 1692 et
1071 1623 1289 1710 pecuniarum
1328 1621 1421 1692 datio
1451 1631 1485 1692 et
1513 1625 1662 1712 receptio

434 1737 612 1816 ceteraque
627 1727 742 1797 omnia
757 1739 791 1798 et
806 1727 940 1818 singula
955 1731 1036 1798 dum
1053 1729 1101 1798 sic
1113 1740 1151 1798 ut
1162 1729 1356 1799 inscribitur
1370 1731 1488 1800 fierent
1504 1731 1660 1800 Vnacum

433 1833 629 1922 prescriptis
649 1833 808 1903 fratribus
830 1856 969 1922 presens
991 1833 1126 1903 interfui
1149 1857 1256 1922 eaque
1278 1833 1393 1903 omnia
1410 1843 1444 1904 et
1463 1833 1596 1923 singula
1612 1835 1661 1904 sic

433 1937 504 2025 lierj
531 1937 599 2006 vidi
626 1937 709 2026 sciuj
738 1947 772 2006 et
798 1937 912 2026 audiuj
939 1939 1057 2007 eadem
1083 1939 1119 2006 in
1148 1949 1265 2008 notam
1296 1937 1426 2026 sumpsi
1451 1949 1485 2008 et
1511 1939 1546 2008 in
1572 1941 1662 2010 hanc

433 2035 576 2111 formam
592 2041 696 2134 redigj
714 2045 777 2112 sub
792 2041 1038 2130 subscriptione
1053 2053 1087 2112 et
1103 2041 1200 2131 signo
1215 2043 1301 2112 meis
1316 2043 1425 2112 solitis
1440 2053 1473 2114 et
1490 2045 1663 2114 consuetis

435 2157 469 2216 et
492 2149 640 2236 approbo
663 2157 696 2218 et
719 2147 850 2218 ratifico
879 2147 914 2237 ly
936 2147 1113 2218 annuatim
1143 2147 1395 2218 interlineatum
1426 2149 1536 2218 aliena
1559 2171 1663 2220 manu

434 2251 598 2340 scriptum
1276 2251 1577 2341 [Chirographum]

910 2469 1059 2536 LXXII.

401 2608 625 2680 OUERINT
645 2607 793 2678 uniuersi
813 2629 874 2696 per
889 2618 1065 2696 presentes
1079 2611 1244 2678 Curatum
1259 2617 1293 2676 et
1309 2607 1513 2695 Capellanos
1531 2607 1662 2698 collegij

444 2735 505 2784 seu
526 2713 620 2784 chori
642 2713 784 2784 ecclesie
805 2713 875 2802 diuj
899 2713 1033 2802 nicolaij
1053 2715 1095 2784 de
1115 2713 1273 2783 abirdene
1294 2733 1358 2782 nos
1379 2713 1547 2802 obligasse
1564 2723 1664 2802 prout

307 2831 424 2890 tenore
439 2819 647 2910 presentium
662 2841 725 2890 nos
739 2820 930 2908 obligamus
944 2829 979 2890 et
994 2829 1129 2890 nostros
1144 2841 1356 2890 successores
1369 2817 1493 2888 futuris
1506 2817 1665 2908 tempori·

308 2927 372 2998 bus
398 2928 652 3016 Imperpetuum
679 2928 723 2996 ad
747 2927 983 2996 celebrandam
997 2945 1108 3005 vnam
1126 2924 1267 2994 missam
1290 2923 1402 2994 iudei
1424 2921 1667 3012 omnipotentis

308 3033 444 3103 laudem
458 3033 602 3122 gloriam
616 3043 651 3103 et
666 3033 828 3103 bonorem
844 3031 1019 3104 benedicte
1035 3031 1154 3102 metris
1171 3029 1245 3100 eius
1260 3029 1365 3100 marie
1387 3051 1428 3100 ac
1449 3029 1561 3100 tocius
1576 3028 1667 3100 curie

309 3139 446 3211 celestis
468 3139 561 3210 omni
587 3139 707 3229 quinta
731 3137 814 3210 feria
839 3141 881 3208 de
905 3137 1053 3226 quinque
1074 3137 1270 3208 vulneribus
1291 3133 1419 3206 domini
1441 3135 1549 3205 nostri
1571 3135 1669 3204 ihesu

309 3243 403 3315 cristi
419 3245 454 3314 in
469 3245 614 3316 ecclesia
628 3245 697 3334 diuj
714 3243 849 3333 nicolaij
866 3248 908 3313 de
924 3244 1083 3314 abirdene
1098 3247 1141 3314 ad
1157 3243 1264 3312 altare
1280 3241 1389 3330 sanctj
1407 3240 1543 3328 martiuj
1560 3237 1669 3328 ponti·

310 3351 385 3420 ficis
399 3359 434 3420 et
449 3350 652 3422 confessoris
672 3353 713 3420 ln
733 3349 926 3420 intencione
948 3359 982 3419 et
1004 3371 1065 3437 pro
1087 3347 1266 3419 animabus
1285 3346 1492 3416 honorabilis
1505 3345 1568 3414 viri
1584 3347 1671 3416 bone

311 3455 472 3526 memorie
501 3458 618 3528 thome
642 3459 755 3529 Waus
783 3455 865 3526 olim
895 3453 1073 3543 burgensis
1101 3455 1203 3524 huius
1232 3453 1324 3542 opidi
1354 3451 1511 3522 mariorie
1539 3447 1670 3540 gregori

283 3603 288 3614 ,
309 3559 423 3630 uxoris
437 3583 497 3630 sue
512 3561 657 3650 prolium
672 3583 877 3650 suorumque
892 3571 1071 3650 parentum
1089 3561 1232 3629 fratrum
1250 3569 1284 3628 et
1304 3579 1457 3628 sororum
1473 3559 1670 3627 eorundem·

310 3685 377 3752 que
402 3665 722 3760 consanguiuiorum
748 3667 965 3738 fundatorum
992 3667 1244 3738 benefactorum
1271 3685 1312 3734 ac
1337 3663 1490 3734 omnium
1520 3662 1670 3732 fidelium

311 3767 546 3840 defunctorum
583 3793 725 3860 quorum
763 3770 985 3860 quouismodo
1022 3771 1190 3842 debitores
1220 3779 1299 3839 sunt
1329 3771 1373 3838 ad
1403 3767 1670 3838 satisfactionem

311 3873 498 3944 secuudum
514 3873 764 3946 misericordem
779 3875 833 3946 dei
849 3873 1120 3964 acceptationem
1136 3897 1196 3964 per
1205 3895 1309 3944 vnum
1321 3873 1573 3962 capellanorum
1589 3869 1671 3942 dicti

312 3978 444 4067 collegij
461 3980 703 4052 ebdomidatim
718 3981 896 4052 alternatis
906 3981 1037 4052 vicibus
1047 3981 1239 4052 tabulatum
1254 4003 1315 4070 per
1328 3983 1465 4050 eosdem
1477 3979 1672 4068 capellanos

312 4081 406 4152 chori
436 4083 623 4154 residentes
653 4087 707 4156 Eo
736 4093 770 4156 et
800 4107 861 4174 pro
890 4096 1019 4174 quanto
1048 4087 1138 4174 quod
1168 4085 1258 4154 idem
1283 4085 1421 4154 thomas
1451 4093 1485 4152 et
1514 4081 1673 4152 marioria

312 4189 477 4258 dederunt
495 4189 594 4262 nobis
615 4191 650 4260 iu
673 4189 817 4279 pecunia
832 4201 1010 4262 numerata
1025 4191 1181 4261 videlicet
1198 4191 1233 4258 in
1249 4211 1331 4260 auro
1346 4199 1380 4258 et
1396 4197 1537 4277 argento
1551 4185 1672 4275 viginti

313 4291 417 4362 libras
432 4294 479 4364 Et
495 4291 530 4362 in
551 4315 619 4366 vno
641 4317 755 4366 annuo
777 4295 910 4366 redditu
932 4305 1078 4384 quatuor
1095 4295 1279 4365 solidorum
1303 4303 1337 4364 et
1351 4293 1385 4363 vi
1401 4292 1615 4364 denariorum
1630 4293 1672 4360 de

312 4395 463 4486 vuanimj
487 4419 656 4468 consensu
676 4399 838 4470 heredum
852 4399 1010 4468 videlicet
1024 4399 1166 4470 elizabet
1182 4399 1293 4469 Waus
1307 4406 1342 4466 et
1357 4404 1546 4485 margarete
1560 4395 1672 4464 Waus

313 4523 518 4591 suorumque
536 4505 736 4576 maritorum
746 4506 925 4576 Wilhelmi
940 4506 1055 4594 turing
1069 4513 1103 4576 et
1118 4504 1291 4574 malcolmi
1306 4525 1387 4592 orag
1401 4503 1671 4574 deliberauerunt

313 4607 349 4676 in
373 4631 492 4696 puram
518 4620 552 4680 et
574 4621 773 4698 perpetuam
799 4611 1011 4682 elimosinam
1038 4613 1082 4682 ad
1107 4621 1259 4680 nostram
1282 4619 1315 4678 et
1338 4629 1572 4680 successorum
1594 4629 1670 4676 nos·
