4460 5984
609 633 672 718 164
1078 633 1178 702 Carta
1198 633 1336 700 Parrasi
1354 633 1497 720 gordoun

608 807 800 894 assignatos
811 827 1023 893 possessores
1038 806 1119 874 dicti
1134 807 1319 874 tenementi
1335 808 1477 876 deficere
1492 806 1527 874 in
1543 807 1795 876 sustentacione
1813 807 1964 876 eiusdem

607 917 642 984 in
652 914 752 982 tectis
764 923 822 982 aut
832 913 955 998 tegulis
965 935 1006 980 ex
1015 934 1081 997 quo
1092 913 1130 980 fit
1145 913 1296 980 Ruinosa
1308 915 1397 998 quod
1407 913 1495 980 absit
1505 935 1545 980 eo
1557 934 1638 980 casu
1649 911 1779 980 licitum
1792 913 1856 980 erit
1865 913 1965 980 dictis

608 1023 784 1096 Curato-et
799 1019 984 1104 capellanis
999 1018 1123 1084 habere
1140 1021 1344 1104 Regressum
1360 1021 1403 1086 ad
1413 1019 1542 1086 dictum
1551 1027 1784 1086 tenementum
1797 1019 1870 1085 sine
1885 1039 1966 1104 quo·

609 1146 754 1211 cumque
780 1123 916 1210 stripitu
941 1123 1094 1208 Iudicialj
1121 1125 1167 1190 Et
1191 1125 1264 1191 Nos
1289 1145 1367 1191 vero
1394 1123 1475 1191 dicti
1501 1134 1640 1192 curatus
1666 1133 1699 1192 et
1726 1125 1892 1210 capellanj
1918 1125 1966 1190 Et

609 1233 829 1300 Successores
859 1229 964 1296 nostri
998 1228 1125 1296 Totum
1152 1239 1185 1296 et
1216 1230 1385 1314 integrum
1415 1229 1544 1296 dictum
1570 1238 1804 1298 tenementum
1840 1239 1966 1296 terram

608 1336 763 1404 videlicet
786 1334 988 1402 anteriorem
1009 1333 1202 1402 interiorem
1227 1337 1349 1403 Ortum
1365 1345 1399 1402 et
1422 1334 1579 1402 horreum
1603 1335 1767 1404 Eiusdem
1790 1338 1878 1404 Cum
1894 1355 1967 1420 per-

609 1441 767 1508 tinenciis
782 1441 872 1507 dieto
887 1441 1070 1508 alexandro
1083 1440 1161 1506 Suis
1176 1441 1355 1510 heredibus
1371 1443 1418 1508 Et
1430 1441 1613 1526 assignatis
1625 1441 1659 1508 in
1676 1441 1844 1510 Omnibus
1859 1451 1893 1508 et
1909 1461 1969 1526 per

610 1546 723 1612 omnia
735 1557 772 1612 ut
782 1545 984 1630 premissum
996 1556 1047 1612 est
1058 1555 1175 1612 contra
1188 1547 1316 1614 Omnes
1329 1547 1489 1614 mortales
1500 1547 1787 1614 varantIzabimus
1798 1547 1967 1632 acquieta-

610 1652 722 1718 bimus
738 1661 771 1717 et
792 1651 1039 1736 imperpetuum
1060 1652 1279 1718 defendemus
1301 1651 1458 1719 omnibus
1480 1653 1558 1720 dolo
1580 1661 1614 1718 et
1636 1653 1752 1719 fraude
1768 1653 1909 1720 seclusis
1926 1655 1968 1718 In

611 1757 717 1826 Cuius
734 1757 796 1824 Rei
812 1757 1045 1824 testimonium
1062 1757 1141 1822 huic
1164 1757 1311 1842 presenti
1335 1767 1427 1824 carte
1447 1767 1561 1824 nostre
1583 1757 1742 1825 manibus
1759 1760 1968 1843 quorundem

611 1863 816 1930 confratrum
840 1874 1032 1930 nostrorum
1060 1862 1249 1948 subscripte
1277 1863 1433 1948 Sigillum
1458 1873 1572 1930 nostre
1598 1883 1778 1930 commune
1799 1884 1867 1930 vna
1889 1883 1968 1928 cum

612 1967 731 2052 Sigillo
755 1967 884 2034 henrici
912 1967 1022 2034 Irvein
1050 1966 1164 2050 balliuj
1194 1977 1273 2034 sunt
1299 1989 1449 2052 appensa
1473 1968 1571 2052 Apud
1598 1969 1741 2054 burgum
1765 1969 1807 2034 de
1830 1967 1970 2034 abirden

612 2081 707 2138 sexto
751 2071 805 2138 die
850 2071 977 2138 mensis
1016 2071 1152 2156 augusti
1186 2073 1285 2138 Anno
1320 2071 1446 2156 dominj
1483 2071 1663 2138 millesimo
1698 2071 1970 2158 quingentesimo

610 2176 785 2262 trigesimo
801 2179 924 2246 Coram
945 2176 1089 2244 testibus
1109 2175 1262 2244 Iohanne
1283 2177 1435 2244 chalmar
1450 2177 1625 2246 Willelmo
1641 2177 1779 2246 chesom
1795 2177 1970 2246 Willelmo

610 2279 734 2348 tulidef
749 2283 874 2350 andrea
893 2281 1045 2348 lowsoun
1064 2283 1111 2348 Et
1129 2281 1310 2348 alexandro
1329 2281 1451 2368 ogilwy
1468 2281 1588 2350 thoma
1607 2279 1733 2351 huntar
1751 2283 1870 2352 thoma
1885 2282 1971 2352 blair

612 2385 791 2470 serjiandis
806 2407 885 2454 cum
903 2385 1047 2454 diuersis
1062 2385 1139 2454 aliis
1154 2395 1187 2454 et
1204 2385 1347 2472 singulis

767 2561 903 2648 Reliqua
918 2565 995 2650 pars
1017 2559 1109 2626 huius
1123 2561 1203 2648 solii
1224 2561 1353 2628 nomina
1374 2561 1570 2650 sigruslorum
1591 2563 1704 2630 habens
1726 2571 1809 2632 caret

1178 2875 1415 2942 LXXXVIII.

703 3017 891 3086 MNIBUS
913 3016 1002 3094 hanc
1025 3018 1164 3088 Cartam
1180 3017 1302 3086 visuris
1316 3018 1369 3084 vel
1385 3016 1561 3086 Audituris
1577 3017 1745 3086 Patricius
1763 3020 1916 3104 gordoun
1931 3020 1974 3086 de

757 3123 900 3190 methlik
937 3125 1107 3190 Executor
1143 3123 1453 3192 testamentationis
1490 3134 1524 3190 et
1561 3125 1725 3192 bonorum
1761 3123 1976 3192 intromissor

616 3231 793 3315 quondam·
814 3227 978 3296 Iohannis
1003 3249 1140 3314 murray
1162 3227 1339 3313 burgensis
1365 3231 1407 3296 de
1428 3229 1566 3296 abirden
1593 3230 1757 3296 Etemam
1779 3227 1814 3294 in
1837 3231 1976 3296 domino

618 3335 771 3402 Salutem
793 3333 966 3401 Noueritis
984 3355 1038 3408 me
1054 3343 1190 3419 propter
1212 3334 1356 3402 salutem
1380 3333 1492 3402 anime
1515 3334 1634 3419 prefati
1658 3333 1823 3401 Iohannis
1845 3344 1880 3401 et
1902 3355 1975 3420 per·

617 3441 853 3526 implecionem
876 3439 1003 3526 legacie
1027 3441 1073 3508 Et
1091 3440 1208 3508 vltime
1230 3441 1416 3508 voluntatis
1438 3440 1589 3506 eiusdem
1612 3441 1745 3508 dedisse
1766 3440 1976 3508 concessisse

618 3545 665 3612 Et
688 3545 907 3612 confirmasse
931 3545 1072 3612 Necnon
1095 3553 1211 3617 tenore
1234 3545 1400 3629 presentis
1423 3554 1515 3612 carte
1538 3567 1613 3612 mee
1635 3547 1715 3612 dare
1737 3545 1922 3612 concedere
1941 3555 1976 3612 et

618 3651 818 3718 confirmare
833 3651 961 3718 Curato
976 3657 1009 3716 et
1025 3649 1210 3734 capellanis
1225 3649 1319 3718 chori
1335 3649 1476 3718 ecclesie
1494 3649 1565 3716 diui
1582 3648 1742 3734 nicholaij
1760 3650 1803 3716 de
1817 3649 1976 3716 abirdene

617 3753 742 3824 Totam
766 3755 812 3822 Et
833 3754 1000 3840 integram
1023 3753 1118 3822 illam
1140 3764 1265 3822 terram
1288 3753 1491 3821 anteriorem
1513 3763 1548 3820 et
1574 3753 1767 3820 interiorem
1790 3773 1916 3822 nouam
1942 3763 1976 3820 et

616 3869 764 3928 veterem
792 3869 905 3928 ortum
928 3868 962 3926 et
988 3859 1146 3926 horreum
1172 3859 1324 3926 eiusdem
1351 3860 1438 3928 Cum
1468 3857 1686 3943 pertinenciis
1712 3858 1864 3926 lucentia
1890 3859 1978 3926 insta

618 3966 762 4050 burgum
777 3965 819 4030 de
834 3964 993 4032 abirdene
1008 3963 1043 4030 in
1058 3963 1134 4032 vico
1149 3963 1252 4030 castri
1267 3985 1309 4030 ex
1324 3963 1449 4031 boreali
1464 3973 1560 4047 parte
1577 3963 1729 4030 eiusdem
1749 3963 1838 4030 inter
1851 3973 1977 4032 terram

618 4070 750 4158 patricij
768 4069 862 4138 leslie
877 4091 918 4138 ex
933 4069 1135 4138 occidentali
1150 4071 1193 4137 ab
1207 4091 1274 4138 vna
1289 4080 1413 4138 terram
1428 4071 1545 4137 thome
1560 4072 1751 4138 andersoun
1765 4091 1807 4137 ex
1822 4069 1977 4138 orientali

617 4175 770 4262 partibus
806 4176 850 4242 ab
886 4175 993 4242 altera
1029 4185 1063 4241 et
1101 4177 1310 4245 Communes
1343 4175 1417 4242 vias
1448 4175 1575 4261 Regias
1603 4197 1721 4242 versus
1758 4185 1912 4244 austrum
1942 4185 1977 4243 et

618 4282 754 4348 boream
779 4279 989 4365 Quequidem
1019 4289 1108 4348 terra
1135 4282 1223 4348 Cum
1253 4290 1327 4348 orto
1351 4281 1472 4348 horreo
1502 4282 1550 4347 Et
1579 4281 1797 4366 pertinenciis
1826 4280 1977 4348 eiusdem

618 4383 712 4470 prius
747 4383 855 4450 fuerat
900 4383 983 4452 dicti
1028 4383 1191 4452 Iohannis
1228 4383 1429 4452 hereditarie
1466 4385 1513 4451 Et
1550 4405 1652 4470 quam
1690 4383 1726 4452 in
1762 4403 1825 4452 cua
1857 4385 1978 4452 vltima

618 4489 793 4556 voluntate
821 4489 915 4554 Idem
944 4487 1114 4554 Iohannes
1140 4487 1279 4572 prefatis
1302 4497 1419 4556 curato
1445 4497 1479 4556 et
1506 4486 1692 4573 capellanis
1728 4486 1763 4554 in
1793 4507 1913 4573 puram
1943 4496 1978 4555 et

619 4604 817 4680 perpetuam
851 4591 1070 4659 elemosinam
1108 4613 1168 4678 per
1203 4611 1302 4660 suam
1340 4603 1470 4662 mnam
1508 4602 1542 4660 et
1581 4591 1739 4660 Sasinam
1777 4591 1978 4660 hereditarie
