4460 5984
587 675 649 754 170
1004 671 1165 738 Fundatio
1186 671 1226 738 M
1226 679 1366 758 argarete
1388 671 1536 740 Chalmcr

585 843 765 912 alexandro
794 844 995 912 nicholsoun
1021 846 1174 912 Iohanne
1206 847 1336 932 Ratray
1362 847 1486 914 Iacobo
1515 844 1627 916 litstar
1655 845 1752 914 laicis
1785 845 1943 914 Dominis

585 947 761 1016 Willelmo
776 951 957 1036 philpsoun
969 961 1002 1017 et
1017 951 1130 1018 Dauid
1142 951 1280 1018 lorimar
1295 951 1436 1017 notariis
1451 951 1594 1036 publicis
1607 953 1693 1020 Cum
1707 951 1851 1020 diuersis
1867 951 1944 1020 aliis

584 1054 729 1122 testibus
744 1057 787 1122 ad
800 1056 969 1148 premissa
983 1058 1115 1123 vocatis
1130 1057 1256 1142 pariter
1270 1067 1304 1124 et
1321 1055 1465 1142 Rogatis

715 1229 761 1297 Et
789 1231 865 1316 Ego
892 1229 1063 1297 Iohannes
1085 1229 1286 1298 nicholsoun
1309 1230 1447 1298 Arcium
1474 1229 1636 1322 magister
1661 1233 1837 1318 presbyter
1861 1231 1945 1299 dun·

714 1334 885 1402 keldensis
901 1335 1074 1402 dioceseos
1090 1335 1245 1420 publicus
1261 1358 1357 1403 sacra
1372 1335 1559 1422 apostolica
1575 1336 1946 1404 auctoritate-notarius

709 1462 818 1526 quare
842 1439 1017 1527 premissis
1047 1441 1204 1509 omnibus
1234 1453 1267 1508 et
1299 1441 1441 1526 singulis
1472 1443 1564 1510 Dum
1591 1441 1640 1508 sic
1670 1451 1708 1510 ut
1738 1441 1946 1528 premittitur

642 1543 668 1644 ἓ
715 1543 907 1614 dicerentur
922 1553 1103 1630 agerentur
1124 1555 1158 1612 et
1179 1547 1298 1612 fierent
1312 1567 1380 1612 vna
1395 1567 1473 1612 cum
1496 1545 1685 1631 prenotatis
1706 1545 1851 1614 testibus
1872 1561 1945 1630 prt-

635 1645 661 1764 ξ
715 1642 794 1718 sens'
817 1651 1040 1738 personaliter
1054 1651 1189 1718 interlui
1215 1653 1333 1736 anue
1356 1651 1471 1718 omnia
1493 1661 1527 1720 et
1550 1651 1684 1738 singula
1701 1651 1758 1718 Sic
1780 1651 1851 1738 lierj
1875 1649 1944 1736 vidj

635 1763 669 1866 ᾗ
716 1755 800 1840 sciuj
818 1765 851 1822 et
868 1755 983 1842 audiuj
1001 1778 1040 1824 ac
1056 1756 1091 1823 in
1107 1767 1223 1823 notam
1247 1757 1321 1842 cepi
1337 1757 1412 1825 ideo
1435 1758 1524 1843 quod
1539 1756 1604 1824 boc
1619 1778 1758 1844 presens
1772 1757 1944 1842 publicum

643 1867 662 1958 ᾗ
716 1859 981 1930 instrumentum
1005 1883 1109 1930 manu
1132 1884 1208 1930 mea
1229 1863 1360 1949 proprie
1375 1864 1519 1932 fideliter
1540 1864 1667 1950 scripta
1682 1864 1801 1933 exinde
1817 1863 1946 1930 conieci

717 1964 822 2049 Signo
838 1987 902 2050 que
918 1965 1055 2034 nornine
1071 1976 1104 2032 et
1121 1966 1321 2052 cognomine
1336 1967 1422 2034 meis
1442 1967 1552 2034 solitis
1566 1977 1600 2036 et
1616 1967 1788 2034 consuetis
1804 1967 1945 2052 Signauj

716 2079 750 2136 et
778 2071 962 2157 subscripsi
994 2073 1149 2158 Rogatus
1174 2083 1208 2139 et
1239 2072 1438 2156 Requisitus
1462 2073 1498 2143 in
1524 2073 1626 2142 fidem
1651 2083 1685 2142 et
1711 2071 1946 2142 testimonium

718 2175 869 2244 omnium
885 2185 920 2244 et
936 2176 1146 2262 singulorum
1162 2177 1403 2264 premissorum

1227 2493 1320 2560 XCI.

602 2633 675 2798 IN
693 2631 746 2700 dei
759 2632 905 2700 Nomine
916 2633 1026 2699 Amen
1042 2655 1102 2718 per
1116 2632 1180 2700 hoc
1193 2653 1331 2718 presens
1346 2629 1518 2718 publicum
1531 2629 1794 2708 instrumentum
1807 2625 1950 2696 Cunctis

686 2747 801 2824 pateat
833 2739 1018 2806 Euidenter
1048 2739 1136 2824 quod
1163 2739 1262 2805 Anno
1293 2735 1546 2806 incarnacionis
1572 2735 1739 2802 dominice
1769 2733 1950 2801 millesimo

594 2842 864 2930 quingentesimo
900 2843 1075 2928 trigesimo
1112 2843 1239 2909 mensis
1271 2864 1350 2910 vero
1389 2841 1537 2926 Ianuarij
1568 2841 1622 2907 die
1659 2837 1791 2906 decimo
1827 2847 1950 2906 octauo

596 2948 785 3015 Indictionc
807 2957 928 3034 quarta
950 2947 1169 3034 pontificatus
1192 2947 1397 3033 sanctissimj
1426 2945 1460 3013 in
1482 2945 1608 3013 christo
1631 2943 1737 3030 patris
1759 2965 1800 3011 ac
1823 2943 1950 3010 domini

595 3051 722 3118 domini
744 3051 851 3118 nostri
872 3051 1059 3120 Clementis
1081 3051 1196 3119 diuina
1218 3051 1430 3138 prouidentia
1452 3071 1539 3138 pape
1560 3049 1695 3134 septimj
1715 3069 1804 3116 anno
1828 3057 1951 3115 octauo

597 3157 637 3224 ln
654 3157 719 3222 mei
735 3155 856 3242 notarij
874 3155 998 3244 publicj
1016 3157 1063 3224 Et
1078 3157 1217 3224 testium
1233 3157 1524 3242 infrascriptorum
1540 3155 1709 3241 presentia
1725 3153 1953 3222 Personaliter

596 3261 792 3331 Constituto
808 3263 929 3330 nobilis
945 3263 1081 3330 domina
1103 3265 1297 3349 Margareta
1313 3263 1463 3332 chalmer
1478 3259 1615 3329 domina
1629 3269 1795 3327 terrarum
1811 3260 1852 3326 de
1867 3259 1951 3325 lind·

595 3367 737 3436 lateret
768 3371 877 3436 Drum
905 3369 1014 3436 solum
1045 3369 1198 3436 caritatis
1220 3355 1349 3438 feruore
1376 3379 1469 3436 mota
1500 3367 1546 3434 Et
1577 3388 1636 3434 sue
1666 3365 1778 3434 anime
1805 3363 1950 3432 salutem

594 3473 731 3540 intuens
745 3473 836 3540 dedit
852 3471 995 3539 contulit
1017 3483 1050 3540 et
1075 3473 1227 3544 Realiter
1242 3475 1329 3544 Cum
1346 3473 1466 3540 effectu
1491 3469 1701 3540 Deliberauit
1724 3469 1759 3536 in
1782 3489 1901 3556 puram
1917 3477 1967 3542 et,

595 3587 791 3665 perpetuam
814 3573 1047 3644 Elemosinam
1076 3579 1122 3645 Et
1148 3579 1183 3644 in
1207 3599 1329 3646 manus
1356 3577 1504 3644 Discreti
1530 3577 1591 3644 viri
1620 3575 1759 3644 Domini
1785 3575 1951 3644 Willelmi

595 3685 729 3768 Couper
743 3693 824 3749 tunc
840 3681 1030 3750 collectoris
1046 3706 1107 3770 pro
1130 3707 1166 3752 se
1182 3685 1252 3752 suis
1267 3706 1331 3768 que
1346 3683 1506 3751 iratribus
1526 3693 1560 3750 et
1577 3681 1826 3750 successoribus
1842 3681 1951 3767 capel·

594 3787 683 3854 lanis
698 3787 791 3854 chori
807 3787 876 3872 diuj
894 3787 1052 3874 nicholaij
1077 3791 1118 3856 de
1139 3787 1297 3856 abirdene
1320 3787 1432 3872 posuit
1457 3789 1634 3856 Summam
1649 3787 1769 3872 viginti
1791 3787 1952 3853 librarum

595 3890 630 3956 in
657 3912 738 3957 auro
764 3901 797 3958 et
824 3903 965 3977 argento
990 3894 1118 3960 vsualis
1144 3903 1279 3959 monete
1307 3893 1416 3978 Regnj
1445 3894 1551 3960 scotie
1578 3894 1620 3960 ad
1643 3891 1889 3978 disponendum
1917 3891 1952 3957 in

594 3993 703 4060 forma
726 4003 764 4060 ut
787 3995 939 4080 sequitur
963 3997 1039 4062 Hoc
1059 3998 1219 4082 estquod
1239 3997 1485 4082 oblegabuntur
1501 3997 1650 4064 Curatus
1665 4006 1698 4062 et
1714 3995 1816 4063 ceteri
1832 3997 1952 4064 fratres

596 4101 689 4186 chorj
716 4101 865 4186 Singulis
888 4101 987 4169 annis
1009 4101 1043 4168 in
1067 4103 1121 4169 die
1147 4103 1258 4170 obitus
1281 4103 1408 4189 prefate
1431 4112 1599 4189 margrete
1621 4123 1722 4169 vnam
1744 4101 1884 4168 missam
1911 4103 1952 4168 de

595 4215 678 4272 nota
689 4207 732 4272 ad
742 4205 848 4273 altare
859 4207 984 4274 Sancte
996 4207 1180 4274 Kathen'ne
1192 4208 1410 4294 solempniter
1420 4207 1506 4275 inira
1519 4207 1697 4275 ecclesiam
1709 4207 1778 4293 diuj
1792 4207 1951 4294 nicholaij

595 4311 637 4376 de
664 4309 822 4376 abirdene
847 4311 1015 4378 celebrare
1042 4313 1129 4380 Cum
1156 4312 1340 4379 cituatione
1366 4335 1483 4379 mense
1509 4311 1726 4380 candelarum
1753 4321 1786 4378 et
1809 4311 1952 4379 aliorum

596 4424 835 4484 consuetorum
859 4416 982 4502 apponj
1006 4417 1148 4484 honeste
1164 4417 1355 4484 ministrare
1378 4419 1425 4484 Et
1441 4417 1564 4485 missas
1584 4417 1619 4482 in
1637 4417 1807 4485 ebdomita
1828 4416 1953 4503 trigen-

596 4521 677 4588 talis
705 4542 766 4607 per
795 4521 999 4588 ebdomitam
1030 4521 1224 4590 immediate
1254 4531 1450 4606 sequentem
1481 4531 1518 4588 ut
1549 4519 1652 4587 moris
1678 4529 1730 4587 est
1759 4542 1819 4607 pro
1843 4521 1953 4588 salute

597 4624 711 4696 anime
733 4623 840 4715 ipsius
860 4633 1048 4714 margarete
1064 4627 1110 4693 Et
1127 4625 1198 4696 suis
1212 4625 1456 4696 intentionibus
1478 4623 1732 4714 quibuscunque
1754 4625 1954 4712 perimplere
