4488 5996
658 711 721 794 246
863 744 865 750 ¹
1146 709 1246 776 caru
1265 705 1389 794 georgii
1410 706 1530 792 polyon

659 882 822 952 Iohannis
849 883 1053 950 matellande
1084 883 1222 949 Iacente
1252 880 1286 946 in
1316 879 1391 946 vico
1418 878 1565 946 inferiori
1591 879 1686 964 burgi
1711 882 1753 947 de
1780 881 1956 947 Aberdene
1980 890 2016 946 vt

657 991 789 1077 plenius
812 991 846 1058 in
869 1001 964 1060 carta
986 989 1179 1074 precedenti
1201 997 1253 1054 est
1277 1007 1472 1073 expressum

1273 1267 1400 1336 CXIX.

433 1419 477 1474 rot
492 1417 541 1473 se·
711 1412 742 1476 N
776 1409 829 1477 dei
868 1407 1014 1476 Nomine
1044 1411 1152 1474 Amen
1182 1429 1241 1496 per
1270 1409 1335 1476 hoc
1366 1428 1505 1493 presens
1532 1405 1708 1474 Publicum
1744 1407 2014 1474 Instrumentum

434 1535 633 1602 9augurtirco1
753 1513 896 1582 Cunctis
924 1523 1040 1597 pateat
1066 1513 1241 1580 euidenter
1266 1522 1299 1578 et
1326 1511 1370 1578 sit
1395 1523 1514 1578 notum
1541 1513 1630 1596 quod
1656 1532 1746 1578 anno
1773 1511 2016 1578 incarnationis

433 1601 587 1718 {ffi‘mrffi
658 1618 837 1686 Dominice
878 1618 1057 1684 millesimo
1094 1616 1364 1702 quingentesimo
1402 1615 1658 1701 quadragesimo
1699 1617 1848 1682 secundo
1889 1615 2015 1682 mensis

433 1683 555 1848 ff'li‘hg‘
628 1745 736 1810 ,vero
766 1723 883 1808 marcij
909 1722 962 1790 die
987 1722 1152 1808 vigesimo
1182 1721 1326 1808 septimo
1358 1721 1547 1788 indictione
1573 1720 1705 1798 decima
1735 1720 1854 1806 quinta
1883 1720 2016 1805 pontifi·

434 1797 635 1914 dffi'f'dfflffl
657 1838 754 1895 catus
787 1827 993 1895 sanctissimi
1023 1827 1057 1893 in
1088 1827 1215 1894 christo
1248 1827 1354 1912 patris
1386 1849 1426 1894 ac
1459 1825 1586 1894 domini
1621 1826 1726 1911 nostrj
1760 1826 1887 1910 dominj
1923 1825 2013 1910 paulj

656 1931 772 2000 diuina
794 1931 1006 2018 prouidentia
1032 1953 1119 2016 pape
1145 1931 1239 2016 tercij
1265 1933 1363 1998 Anno
1394 1941 1516 1998 octauo
1539 1930 1574 1996 in
1597 1931 1662 2014 mej
1687 1929 1808 2014 notarij
1834 1930 1957 2016 publicj
1982 1938 2015 1996 et

656 2035 794 2103 testium
827 2035 1116 2120 infrascriptomm
1151 2035 1321 2120 presentia
1355 2034 1577 2120 personaliter
1614 2035 1820 2100 constitutus
1852 2033 2016 2124 honestus

655 2141 707 2208 vir
735 2139 892 2226 georgius
922 2140 1064 2226 quhytte
1094 2139 1270 2225 burgensis
1300 2141 1341 2206 de
1371 2139 1538 2206 Abirdene
1573 2139 1736 2224 obligauit
1769 2161 1806 2205 se
1837 2139 2016 2206 fidemedia

657 2267 737 2313 suos
771 2245 911 2312 heredes
944 2255 1141 2312 executores
1173 2255 1207 2312 et
1242 2245 1434 2330 assignatos
1467 2245 1510 2312 ad
1544 2244 1680 2310 realiter
1713 2253 1747 2310 et
1781 2265 1859 2310 cum
1894 2245 2015 2310 effectu

656 2351 908 2418 deliberandum
947 2359 980 2416 et
1017 2349 1277 2435 persoluendum
1322 2349 1468 2416 discreto
1512 2349 1649 2416 domino
1693 2349 1874 2415 alexandro
1911 2349 2015 2433 leslye

656 2455 833 2541 capellano
872 2465 1034 2540 perpetuo
1069 2455 1187 2522 altaris
1216 2454 1305 2540 beatj
1351 2453 1514 2520 Iohannis
1543 2453 1690 2539 baptiste
1719 2453 1806 2520 inira
1835 2453 2014 2520 ecclesiam

656 2559 899 2647 petrochialem
942 2559 1011 2644 diuj
1064 2559 1210 2644 nicholaj
1258 2561 1300 2626 de
1349 2559 1507 2626 abirdene
1543 2557 1675 2626 fundati
1716 2579 1820 2624 vnum
1863 2577 2015 2624 annuum

657 2665 825 2733 redditum
864 2665 918 2750 xvj
954 2665 1137 2732 solidorum
1182 2667 1225 2732 ad
1265 2667 1350 2732 duos
1394 2665 1474 2750 annj
1521 2664 1684 2730 terminos
1728 2664 1863 2730 usuales
1907 2662 2015 2748 penti-

657 2781 769 2838 costes
794 2769 949 2836 videlicet
974 2779 1007 2836 et
1031 2768 1139 2854 sanctj
1165 2767 1300 2854 martinj
1326 2769 1360 2834 in
1384 2769 1504 2854 hyeme
1527 2790 1587 2854 per
1609 2768 1746 2854 equales
1772 2771 1857 2836 duas
1886 2767 2016 2835 medias

657 2876 834 2962 porciones
863 2875 1111 2962 imperpetuum
1142 2875 1318 2942 annuatim
1349 2883 1527 2942 exeuntem
1554 2885 1588 2941 et
1614 2875 1796 2942 leuandum
1821 2876 1862 2940 de
1886 2883 1959 2940 tota
1981 2881 2018 2939 et

657 2981 788 3068 integra
817 2991 908 3049 terra
938 3003 1000 3050 sua
1029 3003 1093 3065 que
1123 2981 1203 3049 olim
1233 2979 1296 3048 iuit
1329 2979 1494 3048 Iohannis
1525 2981 1683 3048 Durwart
1715 2981 1853 3048 Iacente
1883 2978 1917 3046 in
1939 2979 2015 3046 vico

656 3085 812 3153 inferiore
835 3085 976 3154 ecclesie
1001 3086 1092 3172 Dictj
1118 3085 1213 3172 burgi
1237 3107 1278 3154 ex
1300 3086 1441 3154 australi
1467 3096 1563 3173 parte
1593 3085 1744 3154 eiusdem
1772 3087 1866 3152 Inter
1889 3093 2014 3151 terram

655 3189 826 3276 alexandri
849 3211 944 3277 moyr
966 3191 1106 3258 textoris
1129 3205 1175 3257 ex‘
1191 3189 1346 3258 orientali
1369 3213 1410 3257 ex
1429 3213 1496 3258 vna
1522 3201 1647 3258 terram
1671 3191 1841 3275 quondam
1865 3189 2012 3274 duncanj

655 3295 824 3382 gilruycht
849 3317 890 3362 ex
916 3295 1116 3363 occidentali
1142 3295 1296 3381 partibus
1322 3297 1365 3364 ab
1391 3297 1497 3364 altera
1524 3318 1738 3362 communem
1765 3295 1855 3362 viam
1886 3293 2014 3380 regiam

655 3422 772 3467 versus
795 3403 931 3468 boream
955 3411 988 3467 et
1011 3411 1136 3468 terram
1176 3451 1184 3467 .
1224 3451 1232 3468 .
1272 3451 1280 3468 .
1317 3423 1435 3468 versus
1457 3411 1610 3470 austrum
1627 3401 1692 3488 Qui
1716 3421 1849 3468 annuus
1864 3400 2016 3466 redditus

606 3507 609 3510 ’
655 3527 696 3571 ax
719 3505 859 3592 antiquo
884 3507 1079 3574 Debebatur
1105 3507 1194 3573 dicte
1222 3507 1408 3592 capellanie
1435 3517 1468 3573 et
1496 3515 1589 3573 nunc
1608 3505 1643 3572 in
1667 3506 1725 3571 lite
1748 3507 1916 3591 pendente
1940 3525 2014 3589 pro-

657 3620 819 3694 sequente
835 3610 925 3677 dicto
937 3611 1072 3696 georgio
1089 3621 1122 3678 et
1138 3610 1267 3678 intente
1283 3613 1427 3684 eundem
1443 3631 1593 3678 annuum
1610 3609 1777 3676 redditum
1794 3609 1828 3675 in
1844 3610 1918 3694 lege
1930 3607 2015 3674 obti-

656 3735 735 3780 nere
757 3724 791 3780 et
814 3737 875 3800 pro
898 3715 1062 3782 seditione
1084 3716 1155 3782 litis
1177 3725 1211 3782 et
1234 3715 1461 3783 controuersie
1477 3714 1564 3781 inter
1579 3717 1715 3781 eosdem
1732 3713 1843 3781 dictus
1858 3711 2014 3800 georgius

656 3817 818 3906 obligauit
842 3841 878 3887 se
900 3829 936 3886 vt
960 3821 1166 3906 premittitur
1188 3823 1231 3887 ad
1254 3822 1452 3889 soluendum
1473 3822 1616 3887 eundem
1633 3820 1880 3906 imperpetuum
1905 3817 2014 3905 capel-

656 3925 735 3992 lano
758 3925 847 3992 dicte
871 3925 1057 4012 capellanie
1083 3929 1128 3992 Et
1153 3927 1265 3994 dictus
1295 3927 1491 4012 capellanus
1520 3925 1684 4011 obligauit
1711 3947 1747 3990 se
1772 3933 1805 3990 et
1836 3945 1916 3989 suos
1940 3945 2014 3990 suc·

656 4051 807 4097 cessores
829 4031 1023 4116 capellanos
1049 4031 1138 4098 dicte
1162 4031 1348 4117 capellanie
1371 4033 1414 4097 ad
1437 4033 1600 4097 orandum
1632 4039 1665 4096 et
1692 4027 1930 4096 celebrandum
1953 4045 2014 4112 pro

656 4135 835 4202 animabus
861 4136 940 4221 dictj
972 4137 1098 4222 georgij
1130 4158 1190 4202 suc
1219 4135 1330 4202 uxoris
1361 4157 1496 4202 suorum
1531 4145 1708 4221 parentum
1739 4135 2012 4218 predecessorum

656 4240 799 4324 prolium
822 4250 856 4306 et
879 4239 1116 4325 posteritatum
1142 4243 1396 4327 Imperpetuum
1428 4242 1536 4325 Super
1564 4239 1685 4324 quibus
1712 4238 1868 4304 omnibus
1890 4247 1923 4303 et
1947 4235 2014 4302 sin·

655 4345 743 4429 gulis
780 4345 891 4412 dictus
929 4345 1124 4431 capellanus
1161 4346 1223 4432 sibj
1262 4345 1334 4412 fieri
1371 4345 1468 4431 petijt
1505 4367 1644 4431 presens
1682 4343 1853 4429 publicum
1891 4341 2013 4408 instru-

655 4459 808 4516 mentum
835 4471 856 4516 α
879 4469 933 4516 me
955 4451 1086 4516 notario
1109 4449 1244 4535 publico
1267 4449 1455 4534 subscripto
1481 4451 1567 4516 Acta
1592 4457 1687 4515 erant
1713 4448 1775 4512 hec
1809 4446 1844 4511 in
1870 4443 2014 4511 ecclesia

656 4553 867 4622 subterrania
905 4555 994 4622 Dius
1034 4555 1173 4640 virginis
1207 4556 1249 4620 de
1285 4553 1411 4640 pietate
1448 4553 1483 4620 in
1520 4553 1664 4620 ecclesia
1702 4548 1902 4638 parrochialj
1942 4547 2011 4632 diuj

655 4658 801 4744 nicholaj
840 4657 926 4724 inira
963 4659 1105 4744 burgum
1136 4659 1344 4726 antedictum
1375 4658 1492 4724 horam
1530 4656 1663 4723 circiter
1691 4653 1904 4720 undecimam
1934 4659 2014 4718 ante
