4490 5990
701 609 1274 700 rmuaaosupaaaaoaazaaj
1600 621 1662 692 117

303 785 447 855 crottum
470 786 595 852 andree
617 784 747 854 ancroit
769 803 811 852 ex
833 795 928 871 parte
948 805 989 852 ex
1012 793 1107 871 parte
1123 783 1194 869 [sic]
1210 783 1351 853 australi
1374 805 1415 850 ex
1438 791 1534 870 parte
1558 781 1665 848 altera

304 909 364 956 sex
387 887 513 955 solidos
536 895 571 954 et
595 895 673 954 octo
696 886 853 955 denarios
880 889 925 954 Et
950 889 991 954 de
1017 887 1080 954 Illo
1105 907 1211 972 paruo
1235 887 1341 954 crofto
1366 907 1442 953 meo
1467 887 1606 952 Iacente
1629 881 1664 948 in

303 989 472 1060 territorio
501 989 683 1058 croitorum
713 990 755 1057 de
783 990 858 1076 futy
887 990 975 1056 inter
1004 1011 1220 1056 communem
1250 989 1416 1056 venellem
1446 996 1603 1056 vocatam
1634 985 1665 1051 le

304 1092 483 1179 garuachis
508 1093 607 1178 wynd
633 1111 676 1158 ex
701 1101 797 1177 parte
826 1092 951 1158 boreali
979 1113 1020 1158 ex
1046 1101 1141 1176 parte
1167 1113 1234 1159 vna
1264 1100 1298 1158 et
1328 1092 1473 1158 crottum
1498 1087 1663 1172 Willelrnj

306 1198 438 1262 stradee
454 1204 606 1280 exparte
626 1194 766 1262 australi
782 1204 933 1278 exparte
953 1193 1060 1262 altera
1079 1197 1165 1260 duos
1185 1194 1311 1260 solidos
1329 1214 1389 1278 pro
1413 1191 1666 1260 sustentacione

306 1297 475 1382 lampadis
489 1305 523 1364 et
539 1295 682 1364 aliorum
705 1296 972 1364 necessariorum
988 1296 1079 1364 dicto
1095 1295 1195 1363 altari
1218 1295 1464 1382 pertinencium
1488 1292 1667 1360 annuatim

308 1403 354 1468 Et
381 1401 423 1466 de
448 1399 517 1466 alia
542 1407 633 1466 terra
659 1421 735 1466 mea
763 1401 901 1466 iacente
926 1399 961 1464 in
985 1398 1060 1467 vico
1086 1399 1256 1466 furcarum
1279 1421 1321 1464 ex
1343 1398 1545 1466 occidentali
1572 1385 1668 1482 parte

307 1502 460 1570 eiusdem
482 1499 570 1568 inter
591 1509 716 1568 terram
733 1500 899 1570 Willelrni
922 1510 1012 1586 smyt
1035 1521 1077 1567 ex
1099 1511 1195 1586 parte
1218 1501 1344 1568 boreali
1364 1521 1405 1567 ex
1428 1509 1525 1587 parte
1544 1520 1612 1566 vna
1634 1506 1668 1565 et

307 1615 432 1674 terram
456 1603 617 1670 heredum
640 1605 811 1688 quondam
834 1603 999 1688 Willehnj
1026 1603 1130 1672 lichat
1153 1613 1312 1688 exparte
1338 1603 1479 1670 australi
1506 1624 1547 1670 ex
1573 1610 1669 1687 parte
1688 1671 1691 1684 ,

308 1707 416 1774 altera
439 1713 584 1790 quatuor
608 1705 733 1772 solidos
758 1706 804 1772 Et
829 1705 912 1774 illud
938 1705 1102 1790 superius,
1116 1705 1226 1774 solum
1253 1727 1367 1772 meum
1392 1705 1426 1772 in
1451 1705 1518 1772 line
1543 1703 1669 1772 boreali

308 1819 397 1876 terre
408 1829 483 1874 mee
495 1807 665 1874 antedicto
678 1809 817 1876 iacente
829 1807 864 1874 in
874 1807 950 1874 vico
960 1809 1131 1876 furcarum
1143 1829 1185 1874 ex
1196 1807 1397 1876 occidentali
1409 1816 1506 1894 parte
1517 1806 1668 1874 eiusdem

310 1912 399 1980 inter
419 1919 545 1978 terram
561 1912 732 1994 quondam
755 1910 889 1996 angusij
906 1911 966 1976 filii
982 1912 1054 1978 Ade
1070 1933 1111 1976 ex
1127 1921 1222 1996 parte
1240 1911 1366 1978 boreali
1382 1919 1534 1996 exparte
1550 1931 1617 1976 vna
1636 1917 1669 1976 et

310 2017 397 2083 duas
410 2013 484 2080 vias
505 2013 616 2098 regias
631 2035 672 2080 ex
688 2013 840 2098 partibus
862 2013 1016 2112 orientali
1032 2023 1065 2080 et
1082 2013 1223 2081 australi
1238 2023 1273 2080 et
1289 2023 1413 2080 terram
1437 2033 1549 2080 meam
1572 2032 1670 2098 prop-

310 2119 396 2186 riam
411 2139 452 2183 ex
467 2125 562 2202 parte
577 2115 778 2184 occidentali
802 2117 954 2201 partibus
970 2117 1012 2184 ab
1028 2117 1136 2184 altera
1151 2117 1194 2184 ad
1210 2130 1379 2184 cameram
1403 2116 1484 2202 dictj
1502 2115 1669 2202 capellanj

311 2219 368 2305 qui
388 2241 449 2305 pro
468 2226 619 2304 tempore
633 2219 733 2286 fuerit
756 2219 859 2286 libere
874 2240 935 2304 pro
949 2229 1112 2304 perpetuo
1133 2241 1369 2288 remansurum
1385 2219 1567 2288 Tenendos
1590 2220 1672 2286 hab·

311 2324 417 2390 endos
439 2329 473 2388 et
496 2320 728 2407 percipiendos
750 2343 869 2388 omnes
891 2331 925 2388 et
948 2321 1100 2407 singulos
1126 2343 1258 2390 annuos
1283 2324 1435 2390 redditus
1461 2323 1673 2409 supradictos

312 2447 390 2494 cum
414 2421 631 2510 pertinenciis
652 2432 687 2490 et
710 2423 820 2490 solum
843 2423 1052 2492 antedictum
1076 2424 1215 2508 prelatis
1238 2425 1337 2494 altari
1360 2435 1394 2492 et
1417 2424 1593 2510 capellano
1616 2424 1673 2510 qui

312 2527 412 2596 luerit
435 2547 496 2612 pro
518 2533 670 2610 ternpore
692 2547 770 2594 cum
794 2526 886 2594 omni
906 2527 983 2594 Iure
1001 2535 1035 2592 et
1053 2525 1155 2592 rectis
1175 2526 1263 2594 Iuris
1278 2547 1299 2594 a
1317 2547 1371 2593 me
1387 2536 1421 2593 et
1437 2527 1616 2594 heredibus
1638 2535 1672 2594 et

314 2631 400 2698 meis
414 2627 599 2714 assignatis
609 2629 645 2694 in
656 2628 754 2696 leodo
765 2637 799 2696 et
811 2629 999 2696 hereditate
1016 2631 1271 2714 imperpetuum
1286 2629 1389 2696 libere
1401 2629 1512 2714 quiete
1524 2629 1674 2715 plenarie

314 2735 443 2817 integre
466 2731 649 2798 honorifice
671 2732 757 2798 bene
771 2739 805 2798 et
821 2730 856 2798 in
872 2753 957 2817 pace
971 2753 1051 2800 cum
1073 2732 1231 2800 omnibus
1245 2741 1279 2798 et
1296 2732 1438 2817 singulis
1460 2732 1675 2800 libertatibus

314 2833 614 2904 commoditatibus
635 2841 670 2900 et
692 2833 891 2902 asiamentis
907 2855 947 2901 ac
965 2835 1070 2902 Iustis
1090 2835 1161 2902 suis
1181 2834 1399 2920 pertinenciis
1419 2835 1675 2921 quibuscunque

315 2941 358 3006 ad
378 2937 487 3006 dictos
509 2955 642 3004 annuos
664 2935 815 3004 redditus
835 2945 869 3004 et
891 2936 1000 3004 solum
1021 2959 1100 3004 cum
1120 2937 1338 3022 pertinenciis
1359 2937 1592 3024 spectantibus
1615 2959 1675 3004 seu

317 3043 411 3108 Iuste
434 3047 588 3123 spectare
602 3037 794 3106 valentibus
817 3039 1067 3124 quomodolibet
1083 3039 1118 3104 in
1133 3039 1284 3106 futurum
1308 3039 1381 3106 sine
1403 3039 1518 3126 aliqua
1539 3061 1675 3107 reuoca·

316 3143 412 3210 cione
437 3139 683 3208 reclamacione
705 3151 764 3208 aut
788 3141 1058 3208 contradiccione
1079 3142 1146 3209 mei
1166 3143 1219 3208 vel
1243 3143 1405 3210 heredum
1426 3165 1577 3210 meorum
1600 3165 1675 3210 suc-

316 3265 488 3313 cessurum
497 3243 551 3310 vel
563 3243 813 3329 assignatorum
825 3254 1017 3312 nostrorum
1029 3254 1088 3312 aut
1100 3245 1243 3312 aliorum
1253 3267 1530 3332 quorumcunque
1539 3247 1676 3313 nomine

317 3346 507 3414 nostrove}
531 3354 691 3431 exparte
718 3345 795 3413 inde
820 3346 984 3414 iaciendis
1006 3347 1284 3432 qualitercunque
1313 3347 1347 3414 in
1376 3349 1526 3416 futurum
1553 3351 1676 3418 FACI-

319 3449 453 3518 ENDO
482 3449 566 3514 Inde
593 3447 769 3516 annuatim
796 3448 908 3516 dictus
933 3449 1131 3534 capellanus
1156 3449 1213 3534 qui
1243 3471 1304 3536 pro
1329 3461 1481 3536 tempore
1505 3451 1606 3518 luerit
1632 3453 1675 3519 ad
1715 3515 1717 3520 .

317 3555 446 3622 dictum
469 3552 577 3619 altare
599 3551 709 3618 sancti
732 3551 888 3637 stephanj
913 3552 948 3618 in
970 3552 1115 3620 ecclesia
1137 3553 1310 3622 antedicta
1334 3553 1515 3622 seruicium
1539 3555 1676 3623 ecclesi·

318 3657 464 3726 asticum
479 3663 513 3722 et
529 3653 724 3722 oracionum
741 3655 900 3740 suffragia
915 3657 1115 3724 deuotarum
1135 3658 1224 3724 Item
1239 3656 1316 3724 volo
1332 3666 1365 3724 et
1381 3659 1530 3726 concedo
1545 3679 1606 3745 pro
1621 3680 1676 3726 me

318 3770 352 3828 et
369 3757 547 3826 heredibus
562 3757 648 3824 meis
662 3765 697 3824 et
711 3757 837 3826 nostris
852 3758 1035 3844 assignatis
1050 3761 1139 3843 quod
1154 3759 1266 3827 dictus
1283 3759 1479 3846 capellanus
1494 3769 1676 3847 perpetuus
1697 3781 1742 3834 rol.
1754 3777 1801 3832 48¹

275 3865 278 3876 '
318 3874 352 3932 et
369 3862 421 3930 sui
444 3883 656 3928 successores
678 3861 809 3945 decentj
827 3871 861 3928 et
876 3861 1020 3928 honesto
1042 3861 1159 3930 habitu
1178 3861 1270 3930 horis
1293 3862 1477 3930 maioribus
1499 3863 1677 3932 dominicis

320 3967 438 4034 diebus
463 3963 559 4032 lestis
586 3963 776 4049 duplicibus
803 3965 903 4031 quta
930 3965 1068 4032 modum
1095 3963 1184 4031 dicte
1208 3963 1350 4040 ecclesie
1372 3963 1577 4051 parochialis
1598 3987 1676 4033 cum

320 4067 441 4138 ceteris
463 4066 649 4153 capellanis
672 4065 823 4134 eiusdem
846 4076 1004 4134 tenentur
1022 4067 1243 4154 personaliter
1265 4067 1428 4136 interesse
1443 4067 1594 4136 Tantum
1617 4089 1677 4154 pro

321 4172 413 4241 omni
433 4172 500 4240 alio
520 4169 663 4238 seruicio
685 4169 829 4236 seculari
845 4170 1020 4238 exactione
1035 4171 1088 4237 vel
1104 4171 1273 4238 demanda
1289 4192 1353 4256 que
1373 4174 1415 4252 de
1435 4170 1535 4238 dictis
1555 4169 1678 4238 annuis

320 4276 506 4344 redditibus
535 4282 569 4342 et
599 4293 734 4340 camera
767 4293 845 4340 cum
875 4273 1092 4358 pertinenciis
1122 4273 1313 4358 aliqualiter
1346 4274 1432 4360 exigj
1464 4273 1587 4359 poten‘t
1617 4283 1676 4340 aut

320 4379 442 4464 requirj
469 4380 546 4446 Iure
560 4397 639 4443 vero
654 4384 856 4461 patronatus
871 4375 960 4443 dicte
983 4376 1169 4462 capellanie
1189 4376 1336 4444 Ricardo
1351 4376 1421 4443 lilio
1444 4385 1568 4442 meoet
1584 4375 1677 4442 here·

322 4485 420 4554 dibus
443 4481 513 4550 suis
536 4489 570 4548 et
593 4477 664 4549 suis
687 4478 938 4550 successoribus
960 4500 1020 4570 pro
1042 4489 1204 4572 perpetuo
1226 4501 1423 4552 remansuro
1439 4479 1486 4548 Et
1503 4477 1531 4548 si
1547 4477 1677 4548 contin-
