4460 5984
622 632 684 716 184
1116 633 1216 700 Carta
1236 631 1355 718 haria
1377 630 1490 717 Leytll

619 803 698 872 licet
722 815 755 872 et
780 805 889 874 sancti
916 805 1052 892 martinj
1080 805 1115 872 in
1142 807 1263 892 hyeme
1289 827 1350 891 per
1375 805 1513 890 equales
1539 801 1711 890 portiones
1737 801 1840 868 libere
1867 799 1981 886 quiete

619 907 769 993 plenarie
788 907 917 993 integre
937 910 1021 976 bene
1040 917 1073 976 et
1092 909 1127 974 in
1143 930 1226 994 pace
1245 929 1322 976 eum
1340 907 1440 994 plena
1458 916 1492 974 et
1512 907 1617 973 libera
1632 913 1801 991 potestate
1819 905 1981 972 namandi

620 1017 653 1074 et
674 1008 895 1095 distringendi
917 1031 976 1096 per
991 1032 1027 1076 se
1041 1011 1094 1077 vel
1116 1020 1367 1096 procuratorem
1389 1031 1488 1077 suum
1508 1008 1675 1075 firmarios
1696 1017 1730 1074 et
1750 1007 1981 1074 inhabitantes

619 1112 729 1179 dictas
758 1121 866 1179 terras
896 1123 929 1180 et
959 1114 1041 1180 dicti
1072 1115 1168 1180 crofti
1198 1113 1345 1179 cultores
1375 1113 1404 1178 si
1431 1121 1464 1178 et
1495 1111 1651 1198 quotiens
1680 1131 1766 1196 opus
1794 1111 1895 1176 fuerit
1921 1131 1981 1196 pro

620 1215 743 1281 annuis
763 1216 948 1282 redditibus
973 1209 1176 1302 supradictis
1200 1227 1234 1282 et
1260 1215 1288 1282 si
1313 1215 1489 1300 contingat
1516 1214 1629 1300 aliquo
1655 1235 1737 1280 casu
1761 1215 1850 1298 quod
1871 1214 1982 1280 dictus

620 1339 754 1384 annuus
784 1318 934 1384 redditus
964 1321 1106 1386 duanam
1137 1339 1327 1384 marcarum
1354 1317 1389 1382 in
1416 1327 1488 1383 toto
1514 1317 1567 1382 vel
1594 1316 1629 1382 in
1656 1325 1751 1401 parte
1781 1315 1887 1382 leuari
1914 1337 1980 1382 non

620 1421 742 1506 poterit
763 1421 940 1488 annuatim
956 1423 998 1488 de
1014 1422 1104 1488 dicto
1123 1421 1229 1488 croito
1248 1423 1291 1486 ad
1306 1419 1470 1486 terminos
1493 1418 1677 1503 prelibatos
1691 1418 1768 1484 volo
1784 1427 1818 1484 et
1834 1419 1981 1484 concedo

620 1545 680 1608 pro
692 1532 792 1589 meet
809 1524 988 1590 heredibus
1001 1523 1086 1590 meis
1098 1525 1187 1608 quod
1205 1525 1299 1589 ldem
1316 1543 1450 1588 annuus
1466 1521 1616 1588 redditus
1631 1522 1774 1587 duarum
1790 1541 1980 1587 marcarum

620 1627 753 1692 leuetur
770 1626 899 1712 integre
918 1635 951 1692 et
970 1625 1176 1711 percipiatur
1193 1629 1234 1692 de
1253 1625 1509 1709 quibuscunque
1527 1623 1643 1690 croilis
1658 1623 1711 1689 vel
1727 1623 1851 1689 annuis
1874 1623 1981 1691 reddi-

620 1729 712 1795 tibus
737 1751 1000 1814 quoruncunque
1024 1729 1206 1795 croitorum
1228 1728 1311 1793 mihi
1328 1727 1382 1793 uel
1407 1727 1586 1793 heredibus
1607 1725 1692 1792 meis
1712 1726 1747 1792 in
1766 1725 1857 1793 dicto
1876 1727 1981 1812 burgo

621 1831 853 1918 spectantibus
874 1832 928 1897 vel
952 1841 1104 1916 spectare
1126 1831 1318 1897 valentibus
1341 1829 1592 1914 quomodolibet
1617 1829 1662 1894 Et
1684 1849 1747 1914 ego
1768 1849 1848 1894 vero
1870 1828 1981 1894 dictus

620 1933 779 2001 henricus
794 1934 934 2000 heredes
950 1943 983 2000 et
999 1933 1163 2018 assignati
1179 1933 1245 2018 mej
1263 1953 1381 1999 omnes
1397 1930 1566 2018 predictos
1584 1951 1716 1997 annuos
1734 1930 1885 1998 redditus
1903 1953 1981 1998 cum

620 2035 837 2124 pertinenciis
870 2036 1046 2103 duodecim
1081 2057 1269 2101 marcarum
1307 2035 1398 2102 dicto
1434 2033 1611 2118 capellano
1641 2033 1697 2118 quj
1736 2054 1797 2118 pro
1829 2043 1982 2118 tempore

620 2140 720 2208 luerit
736 2151 770 2206 et
786 2139 856 2206 suis
872 2139 1123 2206 successoribus
1138 2159 1198 2223 per
1215 2158 1333 2203 omnes
1348 2147 1457 2202 terras
1477 2145 1510 2202 et
1531 2135 1766 2222 possessiones
1786 2145 1921 2202 nostras
1941 2156 1982 2201 ac

622 2243 736 2309 omnia
755 2244 843 2309 bona
861 2251 977 2308 nostra
995 2240 1133 2307 mobilia
1149 2249 1182 2306 et
1199 2238 1392 2304 immobilia
1416 2240 1671 2322 imperpetuum
1694 2237 1983 2304 varantizabimus

622 2344 891 2428 acquietabimus
906 2353 939 2409 et
955 2343 1173 2409 defendemus
1191 2343 1231 2406 In
1248 2362 1390 2426 quorum
1406 2339 1557 2406 omnium
1574 2340 1675 2406 fidem
1698 2349 1732 2406 et
1748 2339 1982 2406 testimonium

622 2445 770 2532 sigillum
792 2467 905 2512 meum
927 2445 1005 2510 huic
1026 2443 1173 2530 presentj
1196 2452 1288 2510 carte
1308 2463 1383 2508 mee
1403 2451 1455 2508 est
1476 2463 1665 2528 appensum
1688 2441 1734 2506 Et
1756 2443 1798 2508 ad
1820 2441 1982 2508 maiorem

622 2549 670 2616 rei
692 2548 897 2616 euidentiam
922 2547 1069 2634 sigillum
1093 2566 1272 2613 commune
1295 2544 1376 2612 dicti
1403 2544 1498 2630 burgi
1520 2545 1643 2630 apponj
1673 2544 1886 2628 presentibus
1909 2565 1983 2630 pro·

623 2652 738 2737 curauj
771 2653 862 2736 apud
891 2650 1049 2718 abirdene
1076 2657 1196 2734 quarto
1226 2647 1358 2714 decimo
1388 2647 1441 2713 die
1472 2647 1599 2712 mensis
1626 2646 1705 2731 maij
1735 2667 1825 2714 anno
1855 2647 1982 2731 domiuj

624 2755 804 2822 millesimo
830 2751 1161 2838 quadringentesimo
1191 2749 1448 2836 quadragesimo
1478 2749 1587 2834 primo
1617 2770 1731 2815 coram
1759 2748 1813 2815 his
1839 2748 1986 2816 testibus

626 2859 779 2926 iohanne
807 2857 869 2942 lyil
898 2865 980 2922 tunc
1015 2853 1185 2940 preposito
1219 2853 1401 2931 alexandro
1432 2853 1473 2919 de
1504 2872 1639 2919 camera
1671 2851 1814 2938 gilberto
1849 2872 1986 2918 menaea

626 2961 779 3028 Iohanne
805 2979 918 3025 wauss
943 2958 1082 3024 waltero
1107 2957 1147 3022 de
1174 2956 1355 3022 drumbrek
1381 2963 1414 3020 et
1441 2955 1574 3020 roberto
1604 2955 1645 3020 de
1675 2975 1811 3022 camera
1838 2975 1985 3021 unacum

625 3065 774 3132 villelmo
800 3063 966 3130 alu'nsoun
998 3059 1287 3144 conburgensibus
1319 3056 1402 3124 dicti
1436 3057 1531 3144 burgi
1562 3077 1640 3123 cum
1675 3056 1793 3124 multis
1824 3055 1902 3142 alijs
1931 3065 1985 3124 etc
2096 3135 2098 3140 ¹

627 3169 732 3236 Orate
754 3187 814 3252 pro
836 3164 1013 3232 fundatore

659 3437 684 3472 a
699 3382 724 3425 0
759 3373 834 3438 Hec
856 3379 907 3436 est
927 3390 1006 3436 vera
1022 3367 1119 3454 copia
1140 3363 1335 3453 principalis
1358 3375 1449 3432 carte
1471 3363 1684 3432 fundacionis
1706 3363 1931 3434 collacionata
1952 3373 1985 3431 et

668 3427 725 3634 ἔξ
758 3474 878 3541 inscite
893 3493 953 3558 per
968 3493 1022 3537 me
1037 3469 1206 3536 notarium
1223 3469 1395 3556 publicum
1412 3467 1639 3582 subscriptum
1890 3567 1898 3582 ·

706 3635 712 3654 ,
825 3577 879 3643 Ita
895 3585 946 3642 est
964 3573 1135 3642 Iohannes
1152 3571 1315 3656 Kennedy
1330 3579 1482 3636 notanus
1498 3569 1653 3654 publrcus
1668 3590 1772 3636 manu
1788 3591 1922 3656 propria

1232 3879 1400 3947 XCVIII.

726 4049 915 4118 MNIBUS
937 4049 1025 4116 hanc
1053 4057 1181 4115 cartam
1204 4045 1327 4114 visuris
1349 4046 1402 4114 vel
1429 4047 1603 4114 Audituris
1628 4045 1787 4114 henricus
1812 4049 1854 4114 de
1880 4047 1987 4135 leytht

768 4151 925 4219 dominus
947 4153 989 4220 de
1012 4151 1125 4219 barnis
1148 4149 1292 4218 salutern
1315 4150 1350 4216 in
1366 4149 1503 4216 domino
1526 4150 1766 4236 sempiternam
1790 4150 1914 4218 Sciatis
1934 4171 1988 4217 me

630 4275 690 4340 pro
709 4255 818 4322 salute
837 4255 949 4322 anime
968 4275 1042 4320 mee
1060 4253 1203 4320 mariote
1221 4261 1373 4318 stewartt
1392 4273 1514 4337 sponse
1530 4273 1604 4319 mee
1620 4251 1877 4337 animarumque
1895 4261 1987 4319 ante·

630 4379 802 4426 censorum
832 4367 1011 4443 parentum
1041 4367 1074 4424 et
1105 4376 1337 4422 successorum
1368 4365 1559 4422 nostrorum
1586 4376 1629 4421 ac
1657 4355 1808 4422 omnium
1838 4355 1987 4422 fidelium

629 4459 784 4528 vinorum
803 4483 844 4528 ac
862 4460 1095 4528 defunctorum
1114 4457 1247 4526 dedisse
1265 4457 1474 4524 concessisse
1493 4466 1526 4524 et
1545 4457 1609 4524 hac
1625 4467 1780 4544 presente
1798 4467 1893 4525 carta
1912 4479 1989 4525 mea

631 4563 850 4631 confirmasse
876 4562 911 4629 in
937 4581 1055 4648 puram
1083 4569 1116 4628 et
1143 4569 1339 4647 perpetuam
1370 4559 1583 4627 elimosinam
1609 4563 1673 4629 deo
1699 4570 1733 4627 et
1759 4563 1857 4628 beate
1883 4561 1989 4630 marie
