4488 5996
381 1333 475 1386 Obitus
486 1349 566 1401 quon·

380 1398 440 1450 dam
452 1399 519 1477 bone

380 1479 503 1516 memorre

381 1529 513 1580 alexandri

380 1595 434 1646 reid
443 1603 469 1646 et

380 1667 522 1776 marugfprgte

379 1741 423 1776 cra
469 1741 480 1775 r

380 1805 475 1856 sponse
486 1805 532 1842 sue

378 3551 472 3630 libitus
487 3551 580 3606 loban-

378 3632 420 3668 ms
431 3627 537 3671 wormat
558 3657 560 3662 .

606 657 669 728 240
864 646 1040 713 Secundum
1063 647 1194 714 Renfale
1216 649 1355 718 obituum
1376 657 1405 718 cf
1426 652 1715 720 centumuirorum

1224 819 1350 932 cxvi.

604 1002 735 1083 Romala
750 1003 816 1070 siue
831 1005 955 1071 addc'cio
972 1007 1112 1072 obituum
1131 1014 1159 1074 cl
1173 1009 1462 1078 anniuersarium
1478 1017 1536 1098 par
1553 1013 1709 1098 quosdam
1729 1013 1803 1080 bosca
1820 1015 1966 1083 nummu

734 1107 850 1174 nobiles
859 1108 1008 1194 prouidus
1024 1116 1052 1174 el
1058 1109 1197 1196 sancosos
1209 1132 1245 1176 ac
1260 1111 1402 1178 discretos
1418 1112 1500 1182 viros
1514 1113 1720 1199 coaequantes
1734 1117 1965 1200 assignatorum

735 1209 854 1278 Curato
868 1216 897 1276 et
911 1211 1076 1297 capellanis
1086 1212 1209 1280 ecclesie
1218 1213 1422 1300 parrochialis
1439 1215 1520 1280 beati
1529 1215 1685 1310 'nicholaij
1699 1217 1735 1282 do
1749 1218 1903 1284 abirom

612 1349 843 1510 OBITUS
866 1355 1036 1435 quondam
1053 1354 1138 1422 bone
1151 1353 1312 1420 memorie
1327 1355 1508 1423 Alexandri
1523 1357 1609 1424 Reid
1625 1359 1666 1424 de
1677 1359 1867 1443 petlodellis
1881 1358 1962 1427 olim

741 1457 900 1540 prepositi
927 1457 1027 1523 huius
1054 1459 1149 1544 burgj
1178 1459 1234 1543 qui
1261 1459 1343 1526 obiit
1370 1461 1557 1546 penultimo
1580 1461 1633 1530 die
1656 1461 1961 1551 mensislebruarij

607 1559 706 1625 Anno
731 1561 858 1646 dominj
890 1561 1070 1629 millesimo
1100 1565 1370 1649 quingentesimo
1397 1576 1492 1634 sexto
1519 1569 1565 1634 Et
1592 1578 1781 1654 margarete
1807 1569 1963 1636 craufurd

608 1683 730 1747 sponse
753 1687 812 1730 sue
835 1667 996 1734 fundatus
1018 1689 1078 1752 per
1100 1669 1225 1736 dictam
1249 1682 1475 1756 margaretam
1499 1682 1575 1757 post
1598 1673 1726 1740 obitum
1750 1675 1857 1759 ipsius
1874 1674 1964 1742 alex·

606 1769 701 1854 andri
730 1773 881 1857 Quorum
908 1773 1160 1840 anniuersarias
1189 1776 1366 1842 annuatim
1397 1776 1619 1844 celebrabitur
1644 1779 1687 1843 ad
1714 1777 1821 1846 altare
1851 1779 1960 1864 uncti

606 1873 770 1940 cristofori
797 1876 837 1942 In
864 1877 1033 1944 dominica
1059 1877 1168 1963 prima
1194 1891 1271 1964 post
1302 1880 1447 1964 primum
1471 1880 1561 1948 diem
1591 1881 1719 1948 mensis
1741 1883 1857 1967 marcij
1883 1903 1961 1949 cum

605 1977 744 2062 placebo
767 1989 800 2044 et
816 1979 921 2064 dirige
936 1980 971 2046 in
994 1983 1113 2048 sabato
1136 1983 1328 2066 precedenti
1351 1992 1385 2050 et
1409 1983 1549 2050 missam
1572 1985 1614 2050 de
1637 1993 1718 2051 nota
1737 1985 1772 2050 in
1791 1985 1962 2053 dominica

604 2092 638 2147 et
667 2082 839 2167 trigintale
868 2085 1048 2152 missarum
1079 2107 1139 2171 per
1170 2087 1383 2154 ebdomidam
1422 2109 1481 2173 per
1517 2099 1672 2154 curatum
1703 2098 1737 2156 et
1767 2090 1962 2174 capellanos

604 2185 734 2272 collegij
759 2187 909 2256 eiusdem
933 2190 980 2255 Et
1003 2189 1163 2256 collector
1185 2191 1351 2258 dictorum
1371 2192 1622 2278 capellanorum
1646 2194 1703 2278 qui
1725 2215 1786 2278 pro
1808 2203 1961 2279 tempore

603 2292 703 2358 fuerit
718 2313 896 2376 preconem
907 2314 984 2361 eum
998 2317 1165 2380 campana
1175 2295 1304 2362 minore
1317 2317 1376 2381 per
1387 2305 1497 2363 totum
1510 2299 1653 2382 burgum
1666 2297 1842 2364 circumire
1857 2298 1961 2366 faciat

604 2398 754 2465 indicto
781 2400 899 2466 sabato
925 2401 968 2466 ad
994 2402 1244 2486 deprecandum
1271 2423 1330 2487 pro
1356 2401 1536 2470 animabus
1561 2402 1765 2488 supradictis
1790 2403 1959 2470 Tabulam

605 2524 705 2588 super
726 2503 972 2571 monimentum
997 2503 1136 2572 situabit
1163 2507 1272 2572 eidem
1296 2507 1398 2592 pallio
1425 2507 1558 2576 decenti
1585 2507 1752 2592 cooperiet
1779 2507 1961 2574 luminaria

603 2631 701 2676 cerea
732 2611 887 2676 Inueniet
918 2612 964 2677 Et
995 2611 1173 2678 sacristam
1203 2613 1322 2697 prefati
1353 2613 1448 2697 burgj
1477 2613 1566 2679 trina
1591 2613 1665 2680 vice
1694 2615 1738 2678 ad
1767 2611 1961 2680 huiusmodi

603 2715 761 2800 exequias
776 2727 809 2782 et
825 2715 915 2782 trina
929 2716 1003 2782 vice
1018 2718 1062 2782 ad
1085 2717 1225 2784 missam
1248 2719 1290 2784 de
1312 2717 1426 2802 requie
1449 2727 1623 2784 cantatam
1647 2717 1782 2802 pulsare
1803 2716 1907 2784 faciat
1923 2725 1960 2782 vt

603 2820 707 2886 moris
730 2823 873 2906 Insuper
895 2821 976 2888 dicti
1000 2833 1138 2890 curatus
1160 2833 1194 2888 et
1218 2821 1384 2907 capellani
1407 2821 1509 2888 aliam
1534 2821 1673 2888 missam
1697 2824 1738 2888 de
1762 2821 1854 2887 Nota
1880 2841 1958 2888 curn

602 2924 723 2991 ceteris
737 2923 856 2990 missis
867 2925 1049 3010 trigintalis
1067 2926 1254 2992 cantabunt
1271 2935 1304 2992 et
1320 2927 1536 2992 celebrabunt
1560 2935 1636 3010 post
1659 2927 1837 2992 decessum
1852 2923 1960 3009 ipsius

602 3039 790 3114 margarete
813 3031 856 3096 ad
879 3030 986 3098 altare
1009 3051 1075 3115 quo
1098 3031 1277 3115 contigerit
1296 3031 1405 3116 ipsam
1429 3029 1562 3115 sepeliri
1577 3040 1613 3096 vt
1629 3029 1736 3098 lacius
1757 3030 1901 3096 babetur
1922 3027 1958 3096 in

601 3142 695 3198 carta
710 3132 918 3200 fundationis
933 3133 1040 3218 ipsius
1058 3145 1246 3220 margarete
1268 3135 1305 3200 in
1327 3135 1406 3202 folio
1429 3134 1621 3220 precedenti
1646 3135 1710 3200 Pro
1733 3135 1855 3219 quibus
1877 3133 1959 3200 dicti

602 3247 740 3304 curatus
755 3247 789 3304 et
805 3238 972 3323 capellani
990 3237 1204 3306 infeodantur
1217 3242 1259 3306 de
1274 3261 1341 3306 vno
1356 3259 1469 3307 annuo
1490 3240 1622 3308 redditu
1638 3238 1757 3324 vigintj
1775 3238 1958 3306 solidorum

602 3343 643 3408 de
658 3351 747 3410 terra
762 3343 863 3410 dauid
879 3344 1018 3410 theman
1034 3345 1191 3412 aurifabri
1207 3345 1242 3412 in
1257 3346 1332 3412 vico
1354 3345 1467 3412 Castri
2004 3335 2005 3338 ¹

690 3551 812 3618 Obitus
842 3553 1011 3635 quondam
1044 3553 1139 3618 Bone
1169 3551 1330 3620 memorie
1360 3551 1523 3619 Iohannis
1556 3552 1712 3622 chnet
1740 3551 1786 3616 Et
1814 3547 1959 3616 Isabelle

603 3655 775 3723 erichtone
799 3677 922 3742 sponse
948 3679 1007 3724 sue
1034 3659 1193 3725 modeme
1215 3669 1249 3725 et
1273 3657 1451 3726 annabelle
1474 3655 1586 3723 kintor
1608 3677 1731 3741 sponse
1754 3676 1815 3722 sue
1837 3653 1958 3739 prioris

601 3761 752 3848 Quorum
769 3761 1020 3830 anniuersarius
1037 3763 1213 3829 annuatim
1232 3761 1455 3829 celebrabitur
1470 3769 1698 3846 percuratum
1714 3769 1747 3826 et
1763 3757 1958 3843 capellanos

600 3864 732 3950 collegij
753 3865 906 3932 Ecclesie
924 3866 1127 3950 parochialis
1145 3866 1234 3934 beati
1258 3865 1416 3950 nicholaij
1441 3865 1521 3950 dictj
1546 3865 1641 3949 burgi
1658 3866 1702 3931 ad
1716 3863 1824 3930 altare
1846 3861 1955 3948 sancti

601 3969 764 4036 Iohannis
786 3971 1003 4056 ewangeliste
1025 3971 1060 4036 in
1083 3971 1173 4038 hunc
1197 3973 1334 4038 modum
1351 3969 1506 4036 videlicet
1530 3969 1701 4054 Exequias
1722 3968 1956 4036 defunctorum

601 4095 678 4142 cum
709 4075 848 4159 placebo
877 4084 911 4142 et
938 4075 1043 4161 dirige
1069 4075 1103 4140 in
1131 4078 1250 4143 sabato
1280 4085 1356 4160 post
1386 4075 1510 4142 festum
1540 4073 1784 4159 assumptionis
1812 4071 1957 4158 gloriose

600 4179 739 4264 virginis
765 4181 877 4246 ¹marie
907 4191 940 4246 et
971 4181 1111 4246 missam
1140 4182 1182 4247 de
1213 4182 1304 4248 Nota
1334 4181 1368 4246 in
1399 4180 1547 4248 crastino
1577 4199 1655 4246 cum
1689 4178 1810 4246 ceteris
1843 4175 1958 4244 missis

600 4285 742 4370 priuatis
774 4307 834 4370 per
866 4285 1079 4353 ebdomidam
1114 4287 1160 4352 Et
1194 4287 1354 4354 collector
1386 4285 1637 4370 capellanorum
1668 4303 1847 4370 preconem
1878 4303 1957 4349 cum

600 4411 766 4476 campana
796 4391 925 4457 minore
951 4413 1010 4476 per
1034 4400 1144 4457 totum
1171 4392 1314 4476 burgum
1341 4390 1448 4476 preire
1473 4389 1574 4457 faciet
1601 4389 1635 4454 in
1662 4388 1752 4454 dicto
1779 4389 1898 4454 sabato
1922 4395 1958 4450 vt

599 4493 758 4561 incitetur
777 4495 922 4579 populus
943 4497 987 4562 ad
1009 4496 1257 4578 deprecandum
1280 4515 1340 4578 pro
1362 4493 1541 4560 animabus
1563 4491 1767 4578 supradictis
1789 4489 1957 4558 Tabulam

600 4620 700 4684 super
737 4601 982 4666 monimentum
1017 4599 1140 4666 locabit
1170 4610 1204 4667 et
1234 4599 1414 4668 luminaria
1449 4597 1603 4666 Inueniet
1636 4607 1771 4664 tantum
1803 4616 1863 4680 pro
1893 4615 1959 4680 quo
