4490 5990
586 669 649 734 134
1070 650 1212 718 Doriolio
1234 651 1333 718 rhome
1358 651 1454 717 Waus

582 833 713 917 trorum
736 822 1021 890 sustnrtationem
1042 822 1198 891 videlicet
1221 823 1342 910 viginti
1369 822 1471 890 libras
1496 821 1532 888 in
1554 843 1637 890 aum
1657 829 1693 890 et
1713 829 1858 907 argento
1884 841 1943 906 per

585 949 709 996 manus
723 927 925 994 venerabilis
938 925 1003 992 viri
1018 926 1145 1012 dominj
1159 928 1265 996 dauid
1281 928 1391 996 Waus
1412 925 1525 994 fiatris
1547 925 1698 1012 germani
1715 923 1942 1011 prenominati

584 1032 701 1099 thome
714 1040 750 1098 et
764 1029 865 1113 vnius
879 1039 1097 1104 extentorum
1120 1029 1271 1098 eiusdem
1285 1029 1322 1096 in
1337 1029 1487 1116 capitulo
1510 1028 1599 1097 dicte
1622 1029 1774 1100 ecclesie,
1785 1027 1944 1097 omnibus

582 1135 770 1222 capellanis
784 1134 879 1202 chori
894 1135 1125 1222 capitulariter
1138 1136 1354 1223 congregatis
1376 1138 1423 1204 Et
1446 1135 1575 1204 dictum
1597 1156 1750 1204 aunuum
1770 1135 1941 1204 redditum

584 1251 729 1329 quatuor
763 1240 948 1310 solidorum
978 1251 1012 1308 et
1041 1241 1074 1308 vi
1105 1241 1318 1311 denariorum
1348 1241 1383 1309 in
1416 1241 1552 1328 plenam
1588 1241 1793 1310 solutionem
1822 1241 1941 1328 viginti

583 1357 730 1436 quatuor
744 1347 928 1414 solidorum
944 1355 977 1414 et
992 1345 1026 1412 vi
1041 1345 1254 1414 denariorum
1271 1345 1456 1434 capellanis
1474 1347 1635 1433 predictis
1657 1345 1692 1415 in
1715 1367 1805 1416 anno
1827 1347 1942 1414 leuan-

583 1456 664 1520 dum
680 1461 714 1520 et
729 1449 981 1538 percipiendum
1005 1450 1181 1518 annuatim
1204 1451 1281 1519 illos
1303 1461 1448 1536 quatuor
1469 1451 1594 1518 solidos
1616 1459 1650 1518 et
1672 1449 1705 1518 vi
1728 1449 1885 1518 denarios
1899 1451 1942 1518 de

583 1559 684 1626 domo
704 1555 870 1625 Willelrni
893 1553 1058 1623 blinschel
1081 1553 1116 1621 in
1138 1554 1214 1622 vico
1236 1555 1376 1622 nauium
1399 1577 1440 1622 ex
1462 1555 1588 1624 boreali
1611 1564 1706 1642 parte
1728 1553 1879 1622 eiusdem
1903 1564 1941 1622 ut

583 1661 618 1730 in
648 1671 743 1730 carta
772 1651 917 1748 desuper
946 1661 1099 1728 confecta
1128 1659 1262 1746 plenius
1291 1661 1483 1728 continetur
1512 1663 1555 1728 ad
1580 1669 1733 1728 nostram
1758 1660 1940 1728 vtilitatenr

581 1765 813 1855 ymmouerius
842 1773 1033 1833 nostrorum
1064 1785 1296 1833 successorum
1327 1767 1370 1834 ad
1397 1767 1642 1833 construendas
1669 1766 1877 1852 reparandae
1906 1774 1940 1832 et

582 1874 789 1945 edificandas
806 1881 942 1938 nostras
962 1872 1080 1939 domos
1103 1891 1301 1938 communes
1324 1873 1371 1940 Et
1393 1870 1551 1958 precipue
1573 1869 1656 1939 illud
1679 1882 1833 1940 nostrum
1848 1881 1941 1938 tene·

582 1989 736 2048 mentum
758 1979 879 2046 Iacens
899 1977 934 2043 in
949 1975 1024 2045 vico
1044 1975 1183 2044 nauium
1204 1977 1292 2044 inter
1311 1986 1438 2044 terram
1458 1977 1575 2044 thome
1595 1977 1734 2045 chamer
1753 1999 1795 2046 ex
1815 1976 1941 2048 boreali
2047 2067 2048 2072 ἵ

583 2105 624 2152 ex
638 2105 706 2154 vna
724 2093 758 2152 et
777 2092 903 2150 terram
923 2082 1084 2150 heredum
1104 2085 1273 2168 quondam
1292 2083 1409 2150 thome
1424 2093 1499 2169 prat
1515 2105 1556 2152 ex
1571 2085 1712 2152 australi
1730 2085 1883 2172 partibus
1898 2087 1941 2154 ab

582 2189 690 2258 altera
709 2207 925 2257 communem
943 2187 1034 2254 viam
1057 2187 1184 2274 regiam
1206 2209 1324 2256 versus
1346 2186 1458 2256 oriens
1481 2195 1515 2257 et
1538 2199 1689 2258 montem
1710 2189 1800 2258 Diue
1822 2190 1941 2258 katha-

581 2295 655 2364 rine
668 2315 787 2364 versus
807 2292 966 2362 occidens
992 2303 1025 2360 et
1048 2294 1090 2360 de
1112 2295 1231 2360 eadem
1251 2313 1341 2363 noua
1361 2296 1462 2362 domo
1482 2303 1598 2364 nostra
1621 2295 1707 2364 alios
1721 2295 1842 2382 viginti
1864 2295 1941 2364 soli-

581 2402 644 2470 dos
661 2397 838 2470 aunuatim
856 2419 917 2486 pro
935 2397 1085 2485 predicto
1108 2397 1227 2466 thoma
1249 2399 1360 2470 Waus
1378 2397 1435 2487 qui
1455 2409 1534 2468 sunt
1549 2399 1584 2468 in
1599 2409 1673 2470 toto
1690 2421 1751 2488 pro
1766 2421 1807 2470 eo
1820 2399 1942 2488 viginti

581 2515 726 2592 quatuor
740 2503 838 2591 solidj
855 2513 889 2574 et
903 2503 937 2570 vi
952 2503 1079 2592 denarij
1103 2505 1150 2572 Et
1171 2506 1215 2572 ad
1234 2503 1299 2571 hoc
1319 2503 1511 2574 iaciendum
1530 2527 1571 2576 ac
1591 2509 1635 2574 ad
1655 2506 1860 2594 promissum
1881 2529 1941 2594 per

581 2631 644 2682 uos
666 2619 700 2678 et
723 2619 858 2678 nostros
879 2629 1093 2678 successores
1116 2608 1363 2678 inuiolabiliter
1382 2610 1454 2678 iore
1469 2612 1717 2680 obseruandum
1737 2613 1802 2682 sub
1815 2611 1943 2680 nostris

582 2713 803 2804 cyrographis
816 2723 851 2782 et
866 2713 1074 2784 notariorum
1089 2713 1196 2782 nostri
1206 2713 1327 2802 gremij
1341 2713 1526 2802 signaturis
1535 2719 1600 2788 sub
1609 2717 1778 2804 ypothoea
1786 2716 1941 2786 omnium

583 2823 748 2892 bonomo
767 2829 962 2890 nostrorum
982 2829 1019 2889 et
1039 2841 1277 2890 successorum
1299 2820 1530 2892 communium
1553 2821 1761 2909 presentium
1784 2831 1819 2892 et
1835 2823 1941 2892 futru-

575 2949 679 2995 orum
705 2927 748 2999 de
771 2925 924 2994 manuni
950 2924 1357 3000 conseuaudecernimus
1382 2935 1416 2996 et
1442 2926 1657 2998 decredimus
1680 2949 1740 3014 per
1763 2936 1942 3016 presentes

581 3033 670 3100 Acta
692 3041 788 3100 erant
810 3031 874 3099 hcc
895 3029 932 3098 in
953 3029 1029 3099 loco
1051 3030 1230 3117 capitulari
1248 3031 1399 3100 unanimi
1421 3031 1565 3102 frenum
1587 3053 1756 3100 consensu
1769 3031 1940 3102 incudem

578 3159 706 3224 corpus
720 3135 860 3224 capituli
878 3136 1146 3223 presentantium
1162 3137 1206 3206 ad
1221 3137 1285 3206 hoc
1300 3137 1493 3224 specialiter
1509 3147 1790 3225 congregatorum
1809 3137 1941 3206 decimo

580 3253 678 3314 sexto
700 3241 754 3312 die
776 3242 905 3310 mensis
926 3241 1082 3328 februarij
1106 3263 1197 3310 anno
1219 3241 1346 3328 dominj
1364 3241 1545 3312 millesimo
1567 3241 1839 3330 quingentesimo
1853 3241 1940 3312 vioe-

582 3350 670 3418 simo
689 3349 879 3418 Indictione
895 3369 987 3416 nona
1008 3358 1042 3416 et
1065 3347 1273 3416 sanctissimi
1295 3349 1331 3416 in
1353 3348 1458 3418 cristo
1479 3349 1587 3436 patris
1608 3359 1644 3418 et
1664 3349 1794 3419 domini
1810 3348 1940 3420 domini

580 3453 690 3526 nostri
705 3452 814 3523 leonis
827 3451 945 3522 diuina
959 3451 1171 3540 prouidentia
1186 3473 1273 3540 pape
1287 3451 1409 3540 decimj
1428 3475 1517 3524 anno
1531 3463 1655 3525 octauo

887 3643 1052 3732 Magister
1065 3643 1219 3714 Thomas
1234 3644 1415 3714 Chawmer

886 3853 1052 3941 Magister
1074 3853 1176 3924 dauid
1200 3854 1349 3926 menaeis
1370 3853 1526 3926 notarius
1549 3853 1704 3942 publicus
1730 3857 1773 3924 ad
1799 3857 1863 3926 hec

1015 3981 1078 4028 sua
1093 3981 1196 4028 manu
1211 3959 1347 4048 propria

885 4061 1042 4133 domiuus
1056 4066 1210 4134 Andreas
1224 4065 1302 4152 culp
1318 4085 1422 4134 mauu
1440 4063 1574 4152 propria

885 4169 1042 4240 dominus
1058 4169 1230 4238 Iohannes
1244 4171 1356 4240 Waus
1370 4191 1475 4240 manu
1489 4169 1626 4258 propria

883 4274 1041 4344 dominus
1055 4275 1158 4344 dauid
1173 4277 1285 4346 Waus
1299 4297 1403 4348 manu
1418 4275 1555 4363 propria

885 4383 940 4448 lta
955 4389 1007 4450 est
1021 4381 1124 4450 dauid
1139 4381 1337 4468 nichylsone
1351 4403 1457 4452 manu
1471 4381 1606 4469 propria

882 4485 1042 4557 dominus
1058 4486 1229 4558 Iohannes
1243 4487 1309 4574 lyie
1324 4507 1430 4557 manu
1443 4485 1579 4573 propria

882 4591 1042 4669 domiuus
1057 4591 1253 4667 willelmus
1266 4615 1392 4680 suuper
1406 4593 1449 4665 ad
1462 4591 1527 4664 hec
1543 4613 1648 4663 manu
1666 4589 1799 4678 walia
