4472 5992
637 705 678 770 42
967 685 1063 754 Carta
1089 685 1243 752 Willclmi
1264 685 1300 750 de
1325 683 1457 750 Camera
1479 684 1515 749 de
1530 683 1676 770 syndorm

637 860 783 948 duncanj
809 861 945 928 scherar
969 859 1125 928 Rectoris
1147 859 1188 926 de
1211 857 1280 924 clat
1304 859 1425 925 Iacens
1445 867 1540 925 extra
1560 867 1692 943 portam
1709 857 1743 924 in
1758 858 1834 926 vico
1856 859 1999 927 ecclesie

638 966 808 1052 superiore
831 988 934 1053 prope
956 975 1094 1052 pontem
1115 965 1265 1031 eiusdem
1283 963 1349 1048 vicj
1375 964 1475 1030 quta
1499 962 1659 1030 Riuolum
1676 985 1697 1046 a
1714 963 1792 1030 lacu
1812 963 1998 1031 molendin-

639 1094 734 1139 orum
757 1072 838 1140 dicti
862 1072 958 1159 burgi
982 1075 1056 1140 Iam
1072 1071 1108 1138 in
1124 1069 1280 1138 omnibus
1296 1079 1329 1136 et
1344 1091 1404 1154 per
1426 1068 1541 1136 omnia
1565 1069 1715 1154 legitime
1737 1069 1915 1136 fundatum
1939 1090 1999 1154 per

637 1177 781 1243 eundem
807 1177 1008 1262 magistrum
1033 1161 1227 1244 duncanum
1254 1175 1300 1240 Et
1327 1175 1415 1258 quod
1443 1173 1534 1239 licite
1561 1173 1683 1259 poterit
1710 1173 1867 1240 edificare
1897 1193 1998 1260 super

636 1279 894 1350 fundamentum
919 1285 994 1350 lam
1019 1283 1197 1366 Inceptum
1220 1287 1291 1346 tam
1308 1278 1342 1344 in
1358 1277 1569 1364 longitudine
1590 1301 1691 1364 quarn
1708 1278 1742 1344 in
1761 1279 1941 1346 latitudine
1964 1290 1997 1347 et

636 1387 785 1454 finaliter
806 1409 1042 1456 consummare
1064 1386 1136 1452 sine
1160 1386 1308 1470 dampno
1334 1405 1393 1450 scu
1419 1383 1603 1470 preiudicio
1625 1383 1726 1469 alicuj
1755 1384 1843 1469 parti
1867 1385 1996 1452 Datum

637 1501 670 1558 ct
697 1499 885 1559 extractum
912 1493 953 1560 de
979 1491 1065 1560 libro
1095 1489 1196 1559 Curie
1222 1511 1281 1575 per
1311 1509 1365 1555 me
1391 1489 1620 1555 Alexandrum
1651 1488 1742 1556 boiss
1768 1491 1810 1557 de
1835 1489 1998 1575 panbride

637 1595 783 1664 scribam
807 1595 908 1664 Curie
932 1597 978 1664 Et
994 1597 1037 1664 ad
1052 1595 1215 1664 maiorem
1237 1593 1453 1662 securitatem
1474 1595 1537 1662 sub
1558 1593 1669 1680 sigillo
1690 1593 1790 1681 officij
1813 1595 1998 1663 cameriata

637 1702 747 1770 scocie
762 1705 861 1770 Anno
877 1703 930 1771 die
947 1723 1062 1770 mense
1078 1712 1111 1770 et
1127 1701 1203 1769 loco
1218 1699 1456 1788 suprascriptis
1472 1699 1685 1786 presentibus
1706 1700 1835 1767 Ibidem
1854 1700 1996 1768 honora-

636 1805 760 1876 bilibus
774 1817 808 1876 et
824 1807 980 1878 discretis
995 1807 1078 1874 viris
1099 1807 1251 1876 Iohanne
1267 1806 1392 1892 Ogiluy
1406 1807 1448 1874 de
1464 1806 1698 1874 Ballundoche
1715 1805 1866 1874 Iohanne
1882 1809 1996 1892 demp-

637 1919 706 1980 ster
732 1915 773 1982 de
803 1913 998 1984 Ouchtirles
1025 1913 1172 2000 Georgio
1198 1912 1403 1998 Stiruclinge
1428 1920 1462 1979 et
1488 1911 1664 1980 Willelmo
1691 1913 1798 1979 Barre
1823 1911 1997 1998 magistris

637 2017 855 2104 Notariisque
878 2017 1021 2105 publicis
1044 2019 1185 2106 aliisque
1208 2017 1360 2106 pluribus
1382 2019 1604 2105 burgensibus
1630 2017 1712 2086 dicti
1739 2016 1835 2104 burgi
1858 2020 1901 2086 ad
1923 2039 1996 2105 pre-

637 2122 742 2192 missa
757 2123 792 2190 in
808 2125 1041 2193 testimonium
1056 2113 1187 2192 vocatis

724 2226 789 2296 Per
818 2249 872 2296 me
901 2229 1129 2298 Alexandrum
1160 2228 1265 2316 Boyis
1294 2229 1336 2296 de
1364 2227 1507 2314 panbrid
1542 2226 1721 2296 Notarium
1752 2226 1925 2313 publicum
1955 2249 1995 2295 ac

787 2333 932 2404 scribam
948 2335 1039 2402 curie
1055 2327 1399 2404 Itenerislcamerarii
1415 2333 1641 2420 subscrIptum
1659 2335 1765 2400 Manu
1781 2331 1898 2418 propia

1265 2631 1362 2698 XIX.

644 2765 719 2930 IN
738 2769 854 2857 vigilia
874 2771 991 2840 Sancti
1011 2771 1107 2857 iotinj
1125 2771 1267 2858 singulis
1286 2771 1385 2840 annis
1405 2772 1464 2840 fiat
1481 2771 1772 2841 Commemoracio
1792 2791 1853 2857 pro
1873 2771 1995 2860 quibus

730 2875 892 2962 magister
914 2879 1090 2945 duncanus
1111 2879 1257 2946 Scherar
1276 2899 1372 2946 orare
1393 2885 1528 2946 tenetur
1548 2899 1608 2964 pro
1624 2899 1660 2944 se
1676 2885 1709 2944 et
1725 2876 1788 2943 erit
1812 2875 1997 2963 solempnis

634 2979 739 3048 missa
761 2979 796 3048 in
819 3002 943 3068 magno
969 2981 1076 3050 altare
1101 2981 1136 3049 ln
1158 2983 1245 3050 festo
1271 2982 1380 3052 sancti
1405 2982 1502 3069 lotinj
1527 2981 1683 3050 videlicet
1706 2981 1867 3049 vicesimo
1893 2981 1994 3049 tertio

634 3085 688 3154 die
717 3086 905 3156 decembris
934 3109 1011 3156 cum
1038 3087 1115 3156 aliis
1140 3087 1284 3175 priuatis
1309 3087 1423 3156 missis
1449 3087 1592 3157 aliorum
1619 3086 1871 3173 capellanorum
1899 3087 1993 3152 Dun·
2098 3085 2100 3088 ’

634 3211 741 3258 canus
766 3189 839 3276 ipse
864 3193 945 3260 dum
971 3191 1100 3261 virerau
1127 3192 1183 3278 qui
1210 3192 1245 3260 in
1270 3192 1341 3262 vita
1365 3215 1427 3262 sua
1457 3193 1554 3262 nobis
1580 3193 1629 3260 sic
1655 3191 1864 3259 efficiabatur
1893 3191 1993 3258 dilee-

634 3295 726 3364 tione
757 3295 917 3383 precipua
950 3299 1039 3384 quod
1072 3297 1263 3385 ubicunque
1298 3320 1385 3385 opus
1420 3297 1520 3366 luerit
1557 3295 1749 3364 defensione
1785 3295 1919 3364 fidelem
1957 3317 1993 3364 se

634 3398 784 3468 exhibuit
807 3421 874 3468 non
898 3401 1007 3471 solum
1162 3403 1230 3484 (sic)
1253 3405 1303 3470 &c
1324 3424 1385 3470 sua
1407 3411 1484 3490 post
1507 3401 1603 3470 cuius
1629 3410 1772 3469 mortem
1799 3400 1993 3468 anniuersa-

634 3503 722 3573 rium
742 3505 916 3593 solempne
938 3507 992 3575 die
1012 3506 1063 3594 suj
1085 3505 1197 3578 obitus
1217 3507 1405 3576 celebretur

1277 3823 1355 3888 XX.

697 3961 798 4032 Carta
823 3961 977 4030 Willelmi
997 3963 1035 4030 dc
1056 3961 1191 4032 Canrera
1215 3963 1252 4030 dc
1266 3905 1412 4051 Ipnous
1432 3961 1490 4030 Aa
1508 3961 1607 4035 altore
1629 3960 1739 4048 Sanclj
1759 3958 1936 4028 saluatoris

613 4174 619 4188 ,
728 4101 916 4170 MNIBUS
939 4101 1067 4170 Christi
1089 4101 1244 4170 fidelibus
1266 4103 1330 4170 has
1352 4101 1485 4169 litteras
1508 4099 1717 4186 Inspecturis
1736 4098 1932 4168 Willelmus
1952 4099 1994 4165 dc

769 4207 914 4275 Camers
933 4207 975 4274 de
994 4207 1140 4294 lyndone
1155 4217 1188 4274 et
1204 4210 1246 4275 de
1267 4208 1384 4276 eodem
1406 4207 1559 4275 Salutem
1582 4205 1617 4272 in
1640 4205 1792 4273 omnium
1816 4203 1994 4272 Saluatore

634 4317 760 4385 Sciatis
782 4339 837 4384 me
859 4317 991 4387 dedisse
1014 4319 1223 4388 concessisse
1243 4329 1276 4388 et
1299 4341 1360 4406 pro
1382 4319 1491 4387 salute
1514 4317 1627 4387 anime
1650 4339 1724 4386 mee
1746 4329 1779 4386 et
1802 4317 1993 4386 animarum

634 4421 747 4490 uxoris
773 4443 847 4490 mee
873 4423 1085 4510 proliumque
1110 4433 1303 4493 nostrorum
1330 4433 1583 4492 antecessorum
1611 4432 1645 4492 et
1673 4443 1906 4492 successorum
1935 4443 1995 4508 per

635 4535 809 4614 presentes
835 4529 1054 4598 confirmasse
1076 4530 1119 4598 ad
1142 4531 1249 4598 altare
1271 4529 1398 4597 domini
1421 4529 1528 4597 nostri
1555 4527 1736 4596 saluatoris
1761 4549 1822 4614 per
1843 4549 1897 4594 me
1921 4527 1994 4594 fun·

636 4635 753 4702 datum
777 4643 810 4702 et
834 4645 985 4703 creatum
1008 4636 1042 4703 in
1066 4635 1209 4704 ecclesia
1234 4635 1420 4722 parochiali
1444 4633 1554 4702 sancti
1578 4632 1736 4718 nicholaij
1763 4634 1804 4698 de
1827 4631 1995 4700 Abirdene
