4490 5990
474 697 619 765 Danaeia
641 695 819 785 Capellae
841 697 979 764 Ecclesia
994 695 1185 786 parochiales
1207 698 1244 764 de
1265 697 1424 768 Abirdme
1590 719 1630 788 71

272 883 362 941 terra
384 871 465 940 dicti
485 872 602 938 thome
620 869 711 938 traill
733 873 871 938 Iacente
886 870 921 937 in
936 871 1054 938 eodem
1069 869 1144 938 vico
1159 870 1248 938 inter
1267 882 1393 940 terram
1413 871 1495 942 dicti
1514 875 1631 944 thome

273 977 396 1046 litsteir
415 999 458 1045 ex
480 986 576 1062 parte
597 975 774 1044 borientali
796 988 830 1044 et
853 986 977 1044 terram
1001 977 1118 1043 thome
1141 977 1218 1045 club
1240 997 1281 1043 ex
1304 989 1398 1062 parte
1420 981 1560 1048 australi
1584 983 1630 1048 Et

273 1105 377 1152 vnum
408 1104 560 1151 annuum
589 1082 756 1150 redditum
783 1084 859 1149 xxd
889 1084 931 1148 de
955 1092 1044 1149 terra
1070 1081 1152 1150 dicti
1177 1083 1295 1149 thome
1324 1085 1401 1152 club
1433 1087 1569 1154 Iacente
1596 1087 1630 1154 in

274 1191 392 1257 eodem
415 1189 504 1256 inter
525 1198 649 1256 terram
676 1187 792 1255 thome
812 1187 902 1255 traill
928 1195 1088 1272 exparte
1112 1186 1229 1253 boriali
1256 1195 1289 1254 et
1316 1197 1440 1254 terram
1469 1190 1632 1257 Iohannis

275 1315 355 1378 crag
368 1315 409 1360 ex
424 1302 520 1378 parte
535 1291 675 1360 australi
697 1293 743 1358 Et
758 1313 863 1358 vnum
883 1311 1034 1358 annuum
1054 1289 1223 1358 redditum
1238 1289 1301 1357 ixs
1316 1293 1357 1358 de
1372 1301 1461 1360 terra
1479 1293 1631 1361 vilhelmi

275 1397 361 1464 moir
384 1398 522 1464 Iacente
537 1397 572 1462 in
585 1395 662 1462 vico
679 1394 819 1462 nauium
842 1393 924 1462 dicti
947 1393 1043 1479 burgi
1065 1393 1154 1461 inter
1175 1403 1300 1461 terram
1324 1398 1447 1463 andree
1470 1399 1572 1484 allanj
1590 1421 1631 1466 ex

275 1513 371 1589 parte
396 1501 598 1570 occidentali
624 1509 658 1568 et
684 1499 892 1568 antedictam
918 1508 1043 1568 terram
1070 1521 1182 1568 meam
1209 1521 1249 1566 ex
1279 1509 1376 1586 parte
1401 1501 1556 1572 orientali
1584 1505 1630 1571 Et

274 1629 378 1674 vnum
401 1629 552 1675 annuum
574 1605 743 1673 redditum
758 1605 834 1691 vijs
853 1615 888 1672 et
910 1605 978 1692 xjd
1001 1607 1154 1674 detersa
1178 1606 1341 1674 Iohannis
1363 1606 1460 1692 gouis
1482 1609 1517 1676 in
1541 1611 1632 1678 dicto

274 1712 350 1778 vico
372 1711 460 1780 inter
482 1721 591 1778 terras
613 1731 707 1778 meas
727 1709 896 1795 predictas
918 1729 959 1776 ex
981 1709 1134 1794 partibus
1149 1709 1349 1776 occidentali
1364 1720 1398 1778 et
1413 1710 1568 1780 orientali
1585 1717 1631 1784 Et

275 1839 379 1883 vnum
405 1839 556 1884 annuum
579 1815 747 1884 redditum
769 1815 837 1882 xld
860 1816 1013 1882 deterre
1035 1814 1201 1882 Willelmi
1228 1816 1305 1883 club
1330 1815 1467 1901 pistoris
1494 1819 1632 1888 lacento

273 1923 372 2008 juxta
393 1923 496 1990 finem
519 1921 600 1990 dicti
618 1922 682 2007 vicj
707 1922 795 1989 inter
817 1931 942 1988 terram
965 1923 1135 2007 quondam
1158 1921 1290 2007 gilberti
1313 1943 1452 1990 masone
1473 1946 1515 1992 ex
1537 1934 1633 2012 parte

277 2027 432 2094 orientali
458 2037 492 2094 et
517 2037 641 2096 terram
667 2025 819 2094 vilhelmi
845 2027 1101 2113 lammyntoune
1126 2047 1167 2093 ex
1192 2035 1288 2112 parte
1314 2029 1455 2098 australi
1484 2041 1518 2098 et
1547 2033 1633 2102 duas

275 2132 349 2200 vias
364 2132 474 2219 regias
488 2143 559 2200 tam
576 2141 726 2218 exparte
741 2131 859 2200 boriali
875 2153 977 2218 quam
992 2131 1194 2200 occidentali

536 2239 628 2306 Nota
643 2239 732 2324 quod
747 2259 866 2305 omncs
881 2235 1057 2324 prescripti
1073 2237 1176 2322 annuj
1193 2236 1344 2306 redditus
1364 2249 1529 2308 terrarum
1553 2251 1632 2310 sunt

449 2343 491 2410 de
505 2343 608 2410 fundo
624 2341 773 2429 ipsarum
789 2343 1052 2429 prescriptamm
1071 2353 1169 2430 prout
1185 2342 1293 2410 lacius
1315 2342 1349 2408 in
1365 2345 1469 2412 cartis
1490 2347 1634 2433 desuper

450 2447 612 2516 confectis
627 2447 761 2534 plenius
776 2447 969 2516 continetur

853 2659 1056 2726 XXXVIII.

390 2799 600 2869 AGISTER
616 2802 791 2870 duncanus
807 2801 952 2870 Scherar
964 2805 1090 2870 Rector
1104 2804 1146 2869 de
1161 2801 1238 2869 Clat
1252 2801 1396 2870 Ornauit
1411 2811 1445 2870 et
1461 2805 1633 2875 decorauit
1657 2823 1764 2874 Summa

433 2905 560 2974 dictum
576 2908 683 2976 altare
695 2908 804 2976 sancti
820 2907 958 2976 duthaci
974 2929 1051 2976 cum
1068 2907 1172 2975 calice
1184 2907 1315 2994 argenti
1330 2929 1408 2976 cum
1418 2909 1635 2998 ymaginibus
1655 2888 1824 3006 imissa

278 3011 480 3080 Sanctorum
496 3013 618 3081 moloci
640 3013 737 3082 sotini
755 3012 952 3100 Kentigemi
975 3023 1008 3081 et
1027 3021 1144 3082 sancte
1167 3013 1294 3102 brigide
1317 3035 1418 3100 super
1436 3015 1575 3084 calicem
1599 3027 1633 3085 et
1655 3017 1848 3100 aasumensi

278 3115 312 3182 in
336 3126 460 3202 patena
482 3118 632 3186 eiusdem
656 3141 732 3186 cum
748 3119 906 3207 ymagine
921 3117 1011 3189 beati
1030 3119 1107 3203 (sic)
1125 3117 1230 3186 marie
1251 3117 1392 3204 virginis
1406 3119 1577 3190 deauratis
1599 3129 1633 3188 et
1655 3085 1751 3152 “md

278 3243 355 3290 cum
382 3223 524 3292 diuersis
550 3224 626 3293 aliis
648 3225 858 3294 ornamentis
885 3227 931 3292 Et
958 3247 1035 3319 cum
1059 3224 1155 3292 sedili
1184 3232 1264 3293 ante
1286 3225 1393 3292 altare
1422 3246 1522 3309 super
1544 3228 1634 3311 quod

277 3331 470 3414 ponendum
485 3329 564 3398 fecit
578 3353 682 3398 vnum
691 3331 850 3399 volumen
859 3331 1009 3418 legatum
1022 3329 1056 3397 in
1069 3353 1135 3416 quo
1152 3329 1322 3416 Incipiunt
1335 3350 1507 3396 sermones
1521 3329 1635 3398 fratris

278 3435 455 3503 Wilhelmi
471 3437 639 3524 lugdoune
655 3440 696 3505 de
709 3437 861 3524 epistolis
875 3437 910 3503 in
926 3435 1105 3504 dominicis
1120 3435 1238 3503 diebus
1253 3454 1454 3520 perannum
1470 3435 1516 3502 Et
1528 3456 1633 3502 vnum

278 3541 516 3628 martologium
540 3552 573 3610 et
595 3565 699 3611 vnum
726 3543 911 3629 psalterum
938 3541 1188 3611 cathenandum
1215 3560 1328 3608 coram
1355 3539 1446 3608 dicto
1468 3539 1568 3610 altari
1590 3542 1633 3609 ad

279 3647 383 3716 sedile
398 3647 471 3716 siue
486 3648 636 3717 stallium
654 3651 700 3718 Et
715 3671 776 3736 pro
791 3651 854 3718 deo
869 3659 964 3719 orate
979 3671 1039 3736 pro
1054 3668 1094 3715 eo

873 3879 1039 3946 XXXIX.

362 4019 461 4089 PUD
477 4021 652 4088 Aberdene
667 4021 799 4089 decimo
814 4020 932 4106 quinto
951 4021 1004 4089 die
1025 4019 1152 4088 mensis
1173 4018 1376 4087 Nouembris
1390 4019 1489 4084 Anno
1507 4017 1634 4086 domini
1655 4029 1701 4082 rol.
1713 4031 1761 4084 29¹

405 4125 585 4193 millesimo
595 4125 925 4213 quadringentesimo
937 4124 1168 4211 octuagesimo
1182 4133 1304 4191 octauo
1316 4124 1567 4191 concordatum
1582 4115 1635 4190 est

279 4229 367 4297 inter
383 4229 592 4298 venerabiles
606 4231 696 4299 viros
712 4233 914 4318 Magistrum
930 4234 1124 4300 duncanum
1143 4230 1288 4298 Scherar
1304 4231 1490 4296 Rectorem.
1504 4230 1547 4297 de
1566 4229 1635 4297 clat

280 4358 320 4402 ex
335 4357 402 4403 vna
416 4345 450 4402 et
466 4345 621 4404 curatum
640 4348 673 4404 et
688 4339 883 4424 capellanos
903 4337 1044 4405 ecclesie
1066 4335 1270 4424 parochialis
1284 4336 1326 4403 de
1341 4333 1499 4402 abirdene
1522 4333 1635 4402 Inhibi

279 4441 488 4509 celebrantes
514 4443 666 4528 partibus
688 4464 728 4510 ex
751 4443 858 4511 altera
879 4444 914 4510 in
937 4445 1037 4512 modo
1059 4453 1093 4510 et
1115 4443 1223 4510 iorma
1242 4439 1461 4526 sequentibus
1479 4438 1635 4507 videlicet

280 4547 369 4629 quod
391 4547 503 4614 dictus
527 4547 691 4632 Magister
715 4551 891 4616 duncanus
915 4549 1103 4617 affermabit
1125 4547 1187 4615 eiis
1212 4543 1388 4613 annuatim
1413 4543 1636 4630 quadraginta

281 4651 406 4720 solidos
428 4661 563 4721 monete
585 4653 696 4722 scocie
713 4675 773 4743 per
790 4655 927 4742 equales
948 4655 1124 4742 porciones
1143 4653 1178 4720 in
1192 4653 1279 4719 festo
1301 4649 1419 4718 Sancti
1442 4647 1577 4741 martinj
1601 4655 1635 4713 et
