4460 5984
587 619 650 694 180
1013 619 1119 694 carra*
1135 618 1378 690 domini'dauid
1403 619 1514 691 Wauss

585 800 704 867 ordino
727 799 975 866 distribuendas
998 819 1058 882 per
1080 819 1195 868 eorum
1219 797 1435 864 collectorem
1457 819 1518 882 pro
1540 805 1692 882 tempore
1715 797 1891 864 annuatim
1911 807 1944 864 et

585 904 833 990 imperpetuum
859 913 894 969 vt
922 903 1073 988 sequitur
1097 901 1252 969 videlicet
1279 901 1379 969 dictis
1406 913 1523 969 curato
1549 912 1582 968 et
1609 901 1794 987 capellanis
1816 912 1850 968 et
1874 902 1945 969 suis

586 1009 837 1076 successoribus
852 1030 912 1092 pro
928 1009 1126 1092 Subscripta
1141 1007 1245 1074 missa
1260 1018 1296 1073 vt
1315 1005 1523 1092 premittitur
1546 1007 1745 1072 celebranda
1767 1008 1943 1073 annuatim
2016 1053 2021 1062 -

586 1113 765 1179 tresdecim
789 1135 920 1180 marcas
943 1135 1001 1179 sex
1024 1113 1150 1178 solidos
1170 1121 1204 1178 et
1227 1123 1305 1178 octo
1327 1111 1485 1178 denarios
1509 1113 1596 1177 Item
1620 1111 1747 1177 eisdem
1770 1121 1888 1178 curato
1909 1122 1943 1178 et

586 1217 771 1302 capellanis
787 1228 820 1284 et
836 1218 907 1285 suis
922 1219 1172 1285 suecessoribus
1184 1239 1244 1302 pro
1255 1239 1321 1284 vno
1334 1217 1566 1284 anniuersario
1579 1219 1667 1302 apud
1678 1217 1943 1303 suprascriptum

529 1383 530 1388 ,
585 1323 692 1390 altare
708 1323 884 1390 annuatim
900 1335 934 1390 et
950 1323 1197 1408 imperpetuum
1214 1324 1248 1389 in
1264 1324 1318 1390 die
1334 1323 1444 1390 sancti
1457 1323 1584 1409 georgii
1597 1323 1746 1390 martiris
1758 1345 1819 1409 pro
1835 1325 1944 1391 salute

586 1425 698 1492 anime
725 1449 800 1492 mee
822 1437 855 1493 et
880 1427 1068 1494 animarum
1096 1429 1247 1495 omnium
1274 1428 1500 1513 predictarum
1527 1427 1832 1513 suprascriptarum
1859 1429 1943 1494 cele·

586 1531 713 1596 brando
727 1531 882 1598 videlicet
898 1533 1038 1617 placebo
1061 1543 1094 1599 et
1110 1533 1215 1619 dirige
1238 1533 1395 1602 indocte
1418 1533 1526 1599 sancti
1543 1533 1668 1619 georgii
1684 1555 1761 1599 cum
1783 1533 1888 1600 missa
1903 1555 1942 1600 ac

585 1643 667 1700 nota
693 1635 728 1701 in
755 1637 808 1702 die
835 1647 868 1702 et
895 1637 1074 1722 trigentale
1098 1660 1158 1722 per
1182 1639 1388 1704 ebdomitam
1418 1637 1613 1704 immediate
1641 1647 1838 1722 sequentem
1864 1659 1941 1703 cum

586 1737 776 1822 pulsatione
793 1761 1034 1825 campanarum
1050 1751 1084 1807 et
1101 1741 1285 1809 cituatione
1305 1743 1419 1809 tabule
1443 1763 1543 1826 super
1565 1742 1812 1808 monimentum
1828 1763 1942 1807 meum

586 1853 619 1908 et
635 1843 772 1928 reliquis
787 1845 958 1930 requisitis
981 1846 1015 1912 in
1031 1846 1270 1912 anniuersariis
1289 1846 1430 1912 honeste
1445 1857 1480 1912 vt
1498 1847 1601 1912 moris
1616 1855 1667 1911 est
1683 1845 1801 1931 viginti
1818 1845 1943 1911 solidos

585 1945 675 2012 dicte
698 1959 834 2015 monete
858 1951 944 2015 Item
969 1951 1173 2035 pauperibus
1196 1950 1527 2036 magisdegentibus
1549 1950 1725 2016 annuatim
1741 1949 1776 2014 in
1792 1949 1846 2015 die
1861 1947 1942 2016 dicti

586 2050 806 2137 anniuersarij
821 2053 939 2138 viginti
956 2055 1081 2121 solidos
1096 2055 1185 2122 dicte
1201 2067 1335 2122 monete
1346 2055 1501 2122 videlicet
1514 2055 1697 2122 dimedium
1710 2053 1798 2120 dicte
1811 2073 1942 2119 summe

585 2153 620 2219 in
644 2155 789 2240 panibus
810 2169 844 2224 et
867 2160 1011 2226 alterum
1033 2161 1218 2228 dimedium
1242 2162 1392 2228 eiusdem
1416 2161 1450 2226 in
1473 2161 1625 2246 pecuniis
1639 2161 1795 2227 videlicet
1811 2157 1943 2244 plakki8

585 2267 619 2324 et
645 2261 786 2344 penneis
817 2263 997 2349 Reliquum
1027 2288 1106 2332 vero
1133 2289 1264 2333 summe
1294 2267 1445 2333 omnium
1473 2287 1660 2333 annuorum
1691 2265 1882 2333 reddituum
1908 2275 1942 2331 et

585 2363 759 2432 firmarum
774 2377 939 2436 terrarum
956 2371 1260 2456 suprascriptarum
1276 2372 1377 2438 tribui
1396 2380 1429 2437 et
1449 2371 1611 2456 applicari
1626 2371 1702 2436 volo
1717 2380 1751 2436 ct
1767 2368 1884 2448 ordino
1899 2368 1942 2435 ad

584 2469 832 2552 reparationem
856 2483 889 2538 et
913 2475 1204 2542 manutentionem
1228 2475 1532 2561 suprascriptarum
1555 2486 1719 2541 terrarum
1743 2495 1821 2540 cum
1843 2493 1942 2557 egere

584 2581 618 2637 et
649 2573 790 2642 delicere
820 2577 1046 2664 contingerint
1077 2601 1136 2665 per
1165 2581 1275 2647 dictos
1304 2589 1459 2648 curatum
1486 2591 1519 2646 et
1545 2579 1740 2664 capellanos
1765 2589 1799 2644 et
1825 2599 1940 2643 eorum

584 2675 799 2746 collectorem
826 2703 886 2766 pro
912 2693 1063 2769 tempore
1090 2695 1188 2769 prout
1212 2688 1275 2752 deo
1298 2685 1332 2751 in
1355 2685 1409 2752 die
1431 2683 1572 2750 extremi
1598 2681 1717 2750 Iudicii
1740 2683 1941 2768 respondere

584 2781 751 2850 voluerint

715 2972 790 3040 Hec
820 2986 871 3044 est
894 2999 981 3043 vera·
1003 2989 1036 3044 et
1059 2977 1248 3046 indubitata
1271 2979 1368 3064 copia
1398 2972 1592 3064 principalis
1615 2987 1707 3044 carte
1729 2976 1940 3044 fundacionis

643 3123 668 3166 0
713 3077 840 3144 domini
863 3079 1002 3146 villelmi
1032 3103 1166 3166 cowpar
1191 3081 1357 3168 capellani
1385 3085 1472 3150 Cum
1503 3081 1759 3166 agmentacione
1788 3081 1939 3148 eiusdem

643 3169 669 3282 ξ·
712 3181 840 3247 domini
863 3182 1028 3251 Willelmi
1052 3184 1086 3250 in
1107 3187 1227 3258 eadem
1251 3195 1411 3253 contenta
1434 3183 1658 3250 collacionata
1673 3203 1732 3268 per
1747 3203 1801 3248 me
1816 3181 1939 3266 magis·

636 3282 661 3374 Ἠ
712 3295 802 3350 trum
827 3285 1014 3353 Iohannem
1041 3286 1241 3354 nicholsoun
1268 3287 1437 3354 notarium
1464 3286 1636 3370 publicum
1663 3284 1759 3350 nihill
1786 3285 1939 3352 addendo

635 3375 668 3482 ’ἓ
712 3398 771 3454 aut
787 3389 1005 3456 diminuendo
1021 3393 1110 3476 quod
1130 3389 1211 3456 lacti
1227 3389 1457 3458 substanciam
1474 3398 1621 3456 mutaret
1638 3409 1697 3456 seu
1712 3387 1856 3454 variaret
1872 3387 1939 3454 Sed

643 3481 660 3536 Β
712 3493 921 3560 concordans
936 3516 1013 3560 cum
1030 3516 1092 3561 suo
1110 3494 1287 3579 principali
1306 3493 1460 3580 originali
1475 3495 1516 3560 de
1531 3493 1632 3560 verbo
1648 3491 1682 3560 in
1697 3492 1836 3560 verbum
1852 3501 1939 3558 teste

711 3594 774 3660 hee
789 3616 866 3662 mea
881 3595 1126 3681 subscriptione
1142 3597 1292 3664 manuali

843 3701 898 3766 Ita
909 3709 961 3766 est
973 3701 1143 3767 lohannes
1154 3701 1354 3767 nicholsoun
1370 3697 1522 3766 notarius
1533 3697 1690 3783 publicus
1701 3699 1745 3768 ad
1759 3697 1822 3764 hec
1835 3717 1939 3765 manu

971 3805 1107 3890 propria

1211 4011 1318 4078 xcu.

665 4149 852 4216 MNIBUS
871 4149 959 4215 hanc
981 4161 1109 4215 cartam
1125 4149 1247 4216 visuris
1261 4151 1314 4216 vel
1334 4149 1499 4217 audituris
1515 4147 1672 4216 dominus
1693 4148 1794 4216 dauid
1809 4149 1940 4217 Wauss

711 4251 907 4337 capellanus
944 4262 1126 4337 perpetuus
1160 4253 1345 4337 capellanie
1376 4251 1501 4318 Altaris
1532 4251 1649 4336 Sanctj
1685 4251 1821 4336 martinj
1853 4251 1939 4319 inira

581 4357 759 4423 ecclesiam
776 4357 843 4442 diuj
862 4357 1019 4442 nicholaij
1037 4361 1078 4424 de
1094 4359 1259 4424 aberdene
1280 4379 1339 4443 per
1354 4359 1523 4442 quondam
1540 4357 1625 4422 bone
1641 4355 1801 4422 memorie
1817 4355 1939 4440 magis-

580 4469 670 4525 trum
698 4461 867 4528 Thomam
893 4483 996 4528 vauss
1025 4463 1105 4529 olim
1136 4473 1365 4549 precentorem
1397 4461 1644 4528 morauiensem
1675 4470 1708 4526 et
1738 4459 1938 4526 canonicum

580 4565 845 4634 aberdonensem
867 4568 1006 4634 fundate
1030 4569 1193 4635 Etemam
1209 4567 1243 4634 in
1267 4567 1403 4634 domino
1426 4567 1571 4633 salutern
1595 4559 1768 4631 Noueritis
1790 4585 1845 4630 me
1861 4584 1939 4631 cum
