4488 5996
599 643 663 708 234
957 625 1102 694 deits‘o
1123 632 1201 692 em
1221 647 1244 692 a
1264 631 1371 694 curato
1391 632 1421 694 et
1441 625 1607 713 capellanis

598 796 755 864 abirdene
784 797 945 866 vicesimo
976 809 1071 886 sexto
1100 799 1154 868 die
1184 799 1311 867 mensis
1341 798 1457 884 marcij
1489 801 1588 868 Anno
1613 796 1741 866 domini
1772 795 1954 864 millesimo

598 899 869 985 quingentesimo
898 902 1071 986 trigesimo
1108 912 1230 970 octauo
1269 904 1392 970 Coram
1430 901 1579 989 prouidis
1617 911 1651 968 et
1688 900 1845 970 discretis
1872 899 1954 967 viris

599 1003 734 1072 domino
749 1005 882 1072 roberto
905 1006 1007 1089 spark
1026 1007 1153 1076 andrea
1166 1027 1261 1072 waus
1281 1005 1467 1090 capellanis
1482 1003 1641 1071 willelmo
1663 1003 1742 1088 paul
1763 1003 1954 1070 Alexandro

598 1104 664 1274 lgay
686 1105 864 1272 sergiando
887 1107 933 1172 Et
957 1107 1119 1192 magistro
1147 1107 1299 1174 Iohanne
1325 1107 1525 1174 nicholsoun
1551 1105 1682 1173 notario
1708 1105 1843 1190 publico
1866 1106 1954 1174 Cum

622 1227 741 1280 ruersrs
757 1229 777 1276 a
791 1229 833 1273 ns

1213 1417 1345 1484 CXIII.

693 1551 882 1620 MNIBUS
904 1550 993 1617 hanc
1016 1551 1154 1619 Cariam
1170 1549 1293 1617 visuris
1306 1551 1359 1618 vel
1383 1549 1549 1618 audituris
1569 1551 1716 1618 Curatus
1731 1559 1764 1616 et
1788 1549 1953 1634 capellani
1986 1625 1995 1642 ‚

738 1655 832 1722 chori
869 1653 1023 1722 Ecclesie
1059 1654 1277 1740 perrochialis
1314 1654 1408 1738 burgj
1448 1655 1489 1720 de
1518 1654 1688 1721 Abirdenn
1722 1655 1887 1722 Etemam
1921 1653 1956 1720 in

602 1759 751 1824 DomIno
774 1757 927 1824 Salutem
950 1756 1113 1823 noueritis
1128 1777 1191 1823 nos
1205 1757 1355 1823 unanimi
1372 1777 1538 1835 consensu
1554 1765 1587 1822 et
1604 1777 1746 1824 assensu
1760 1757 1907 1824 utilitate
1923 1767 1957 1824 et

601 1863 743 1928 comodo
759 1859 900 1950 ecclesie
921 1859 955 1924 in
974 1859 1039 1926 hac
1054 1869 1150 1944 parte
1172 1861 1325 1945 undeque
1348 1857 1483 1944 preuisa
1498 1868 1532 1924 et
1547 1857 1725 1943 diligenter
1745 1860 1958 1926 considerata

528 2011 531 2018 ·
601 1963 734 2031 dedisse
764 1961 971 2030 concessisse
1001 1963 1044 2028 ad
1073 1960 1295 2028 leodifirmam
1325 1959 1495 2028 dimisisse
1524 1971 1558 2028 et
1589 1961 1654 2028 hac
1684 1963 1831 2048 presentj
1863 1973 1958 2030 carta

601 2076 718 2133 nostra
741 2066 958 2132 confirmasse
980 2063 1124 2130 honesto
1139 2063 1210 2130 viro
1234 2063 1377 2149 Iohannj
1398 2065 1565 2131 Watsone
1580 2065 1738 2149 burgensi
1761 2066 1842 2150 dictj
1860 2066 1956 2152 burgj

601 2179 710 2238 totam
725 2179 759 2235 et
784 2170 956 2252 Integram
972 2167 1066 2234 illam
1089 2177 1213 2234 terram
1234 2176 1385 2233 nostram
1402 2187 1480 2232 cum
1496 2166 1567 2232 suis
1589 2168 1802 2251 pertinentiis
1819 2170 1959 2236 Iacente

602 2273 688 2340 inira
712 2273 852 2339 Dictum
874 2273 1017 2356 burgum
1040 2271 1074 2336 in
1097 2271 1172 2338 vico
1195 2271 1364 2338 furcarum
1388 2291 1429 2338 ex
1449 2270 1650 2338 occidentali
1673 2281 1770 2356 parte
1793 2273 1957 2340 Eiusdem

601 2378 666 2464 vicj
698 2377 786 2444 inter
810 2387 936 2444 terram
962 2376 1214 2462 capellanorum
1240 2375 1383 2442 ecclesie
1408 2375 1626 2444 cathidcralis
1650 2377 1892 2446 Abirdonensis
1917 2401 1962 2446 ex

602 2482 741 2567 australj
756 2492 789 2548 et
804 2491 929 2550 terram
945 2483 1115 2566 quondam
1129 2480 1292 2548 iohannis
1307 2480 1420 2566 mylne
1436 2503 1476 2548 ex
1491 2482 1617 2550 boreali
1633 2481 1786 2567 partibus
1797 2484 1840 2550 ab
1852 2485 1959 2552 altera

602 2597 636 2656 et
673 2607 889 2654 communem
917 2586 1009 2653 viem
1047 2585 1188 2670 Regiam
1223 2607 1340 2652 versus
1373 2585 1531 2654 occidens
1564 2597 1598 2654 et
1631 2597 1757 2656 terram
1796 2589 1959 2656 Iohannis

603 2693 770 2778 Symsone
784 2713 903 2758 versus
917 2689 1028 2757 oriens
1051 2692 1144 2758 Cum'
1162 2690 1265 2756 libero
1281 2689 1420 2758 introitu
1436 2692 1479 2758 ad
1501 2713 1620 2758 omnes
1642 2701 1758 2776 portas
1773 2694 1960 2760 anteriores

603 2807 637 2864 et
651 2795 832 2864 Interiores
847 2795 973 2862 totiens
987 2795 1143 2880 quotiens
1155 2795 1353 2864 Tenendum
1364 2806 1398 2862 ct
1411 2796 1601 2864 habendam
1616 2805 1725 2866 totam
1737 2806 1771 2866 et
1785 2799 1959 2884 Integram

603 2899 729 2968 dictam
745 2909 871 2966 terram
895 2921 972 2966 cum
997 2899 1067 2966 suis
1082 2899 1296 2984 pertinentiis
1309 2899 1439 2984 prelato
1464 2900 1607 2985 Iohannj
1624 2909 1658 2968 et
1683 2899 1877 2970 Elaabetht
1893 2903 1960 2989 hay

604 3025 727 3089 sponse
742 3025 803 3070 sue
825 3023 1008 3087 eorumque
1023 3001 1120 3070 alteri
1136 3001 1271 3070 diucius
1287 3001 1414 3070 uiuenti
1438 3002 1473 3070 in
1488 3003 1670 3070 coniuncta
1685 3003 1911 3072 infeodatione
1926 3014 1960 3072 et

603 3109 782 3178 heredibus
803 3107 892 3174 inter
913 3107 1006 3192 ipsos
1028 3107 1178 3192 legitime
1200 3107 1384 3193 procreatis
1406 3129 1467 3174 scu
1490 3108 1705 3192 procreandis
1728 3108 1850 3192 quibus
1875 3109 1961 3176 forte

603 3213 836 3281 deficientibus
851 3211 1030 3280 heredibus
1045 3211 1337 3298 propinquioribus
1361 3211 1522 3297 legitimis
1537 3211 1643 3298 ipsius
1660 3212 1823 3280 Iohannis
1840 3222 1875 3280 et
1890 3211 1962 3280 suis

603 3317 786 3403 assignatis
801 3317 1056 3402 quibuscunque
1078 3339 1099 3384 a
1117 3317 1214 3386 nobi
1229 3327 1264 3384 et
1287 3317 1547 3386 Successoribus
1570 3317 1695 3384 nostris
1716 3319 1758 3384 de
1780 3337 1962 3402 suppremo

603 3423 740 3490 domino
755 3433 871 3489 nostru
891 3443 971 3507 rege
986 3421 1022 3490 in
1036 3423 1133 3490 feodo
1156 3431 1189 3488 et
1205 3422 1395 3489 hereditate
1413 3443 1452 3489 ac
1469 3421 1504 3488 in
1527 3421 1631 3488 libero
1647 3421 1810 3508 burgagio
1835 3423 1962 3507 Imper-

603 3537 743 3613 petuum
771 3530 858 3594 Cum
885 3527 978 3594 omni
1005 3529 1082 3595 Iure
1108 3537 1143 3594 et
1168 3528 1255 3596 Iuris
1281 3527 1413 3596 clameo
1441 3549 1519 3596 cunr
1546 3527 1902 3613 debitis'longitudine
1928 3537 1963 3594 et

604 3633 783 3701 latitudine
809 3655 887 3700 cum
913 3633 1056 3718 edificijs
1084 3635 1228 3718 desuper
1254 3632 1458 3702 constructis
1483 3641 1518 3699 et
1547 3632 1784 3702 construendis
1809 3635 1857 3699 Ac
1885 3651 1963 3699 cum

605 3736 762 3804 omnibus
777 3744 811 3808 et
827 3735 976 3820 singulis·
985 3736 1196 3802 libertatibus
1219 3735 1518 3802 commoditatibus
1532 3743 1567 3802 et
1587 3733 1786 3802 esiamentis
1802 3755 1843 3801 ac
1859 3733 1964 3800 Iustis

607 3838 913 3923 suispertinentiis
938 3837 1192 3922 quibuscunque
1218 3840 1262 3906 ad
1289 3837 1475 3923 predictam
1499 3848 1623 3906 terram
1650 3837 1965 3922 compertinentiis

607 3941 840 4029 spectantibus
866 3963 927 4008 seu
954 3943 1048 4012 Iuste
1072 3951 1226 4026 spectare
1255 3941 1446 4010 valentibus
1472 3940 1723 4025 quomodolibet
1749 3939 1784 4006 in
1814 3940 1965 4006 futurum

608 4049 702 4116 Adeo
724 4047 827 4114 libere
849 4045 998 4130 plenarie
1022 4047 1157 4131 Integre
1180 4044 1364 4116 honorifice
1387 4047 1471 4112 bene
1494 4044 1583 4114 etin
1605 4065 1689 4130 pace
1704 4043 1739 4110 in
1759 4044 1917 4112 omnibus
1932 4053 1966 4112 et

611 4173 670 4238 per
698 4151 813 4218 omnia
843 4149 939 4218 Sicut
969 4149 1083 4236 aliqua
1112 4161 1204 4218 terra
1232 4149 1319 4218 infra
1348 4149 1477 4218 dictum
1504 4151 1647 4234 burgum
1674 4151 1718 4216 ad
1743 4148 1966 4216 leodilirmam

613 4257 713 4322 datur
727 4253 923 4322 conceditur
937 4262 996 4322 aut
1011 4251 1203 4338 possidetur
1217 4252 1290 4320 sine
1310 4252 1531 4322 reuocaeione
1545 4251 1792 4320 reclamacione
1813 4261 1873 4318 aut
1889 4272 1967 4318 con·

614 4357 815 4426 munione
840 4357 977 4442 aliquali
1003 4367 1156 4426 nostrum
1180 4368 1239 4426 aut
1262 4379 1495 4426 successorum
1521 4367 1712 4424 nostrorum
1740 4377 1799 4424 seu
1825 4355 1967 4424 aliorum

616 4479 892 4545 quorumcunque
918 4459 1164 4528 FACIENDO
1191 4459 1269 4526 inde
1292 4459 1469 4528 mnuatim
1496 4459 1588 4554 dictj¹
1604 4459 1776 4526 lohannes
1798 4468 1833 4526 ct
1857 4457 1968 4524 Eliza·

617 4565 713 4636 bctht
758 4584 884 4651 sponsa
929 4585 992 4631 sua
1040 4583 1223 4652 eorumque
1268 4564 1354 4632 alter
1402 4563 1529 4632 diutius
1577 4563 1696 4630 vinens
1744 4571 1779 4630 et
1829 4561 1971 4630 heredes
