4490 5990
536 680 698 748 Fmrdatio
719 679 831 746 altaris
854 679 966 748 Sancti
987 679 1114 746 Antra
1135 677 1279 768 Apostoli
1549 701 1592 766 93

234 865 330 944 parte
356 853 558 924 occidentali
585 851 738 940 partibus
763 855 807 922 ab
832 852 939 922 altera
968 873 1072 920 vnum
1103 873 1254 920 annuum
1280 853 1447 920 redditum
1474 853 1594 940 viginti

236 961 420 1030 solidorum
443 961 485 1028 de
508 961 654 1044 quadam
677 967 768 1026 terra
794 959 930 1026 lacento
946 959 987 1024 In
1002 957 1078 1026 vico
1096 957 1235 1026 nauium
1259 980 1300 1026 ex
1323 969 1418 1044 parte
1440 959 1595 1028 orientali

236 1065 386 1134 eiusdem
409 1063 498 1132 inter
518 1073 643 1131 terram
660 1085 725 1148 que
742 1061 805 1130 fuit
829 1066 998 1148 quondam
1023 1063 1187 1132 Iohannis
1210 1064 1398 1151 champane
1414 1087 1455 1132 ex
1470 1065 1595 1134 boreali

216 1181 332 1259 -parte
354 1179 388 1240 et
410 1179 536 1238 terram
559 1171 729 1256 quondam
753 1169 885 1256 galfridj
916 1170 1074 1238 Ranfrew
1093 1169 1251 1239 aurifabri
1274 1191 1315 1238 ex
1337 1182 1433 1257 parte
1455 1171 1596 1242 australi

236 1299 340 1346 vnum
353 1297 503 1344 annuum
515 1275 683 1344 redditum
700 1285 844 1361 quatuor
856 1275 1039 1344 solidorum
1056 1279 1096 1344 de
1109 1278 1254 1362 quadam
1265 1286 1354 1346 terra
1366 1299 1442 1346 mea
1458 1279 1597 1347 Iacente

238 1383 272 1450 in
295 1381 371 1452 vico
393 1384 435 1450 de
448 1381 522 1468 futy
536 1379 625 1448 inter
639 1389 763 1448 terram
787 1381 938 1476 symonis
953 1382 1070 1468 blabyr
1087 1403 1128 1450 ex
1146 1391 1242 1468 parte
1257 1383 1382 1452 boreali
1398 1391 1431 1450 et
1447 1405 1597 1452 commu·

239 1509 317 1558 nem
339 1487 507 1558 venellam
522 1495 673 1573 exparte
689 1485 830 1556 australi
845 1496 879 1554 et
895 1489 936 1554 de
951 1487 1082 1556 duabus
1102 1487 1275 1573 perticatis
1296 1497 1385 1556 terre
1404 1489 1599 1558 lacentibus

239 1593 275 1662 in
297 1593 466 1662 territorio
488 1593 670 1662 croftorum
691 1593 842 1662 eiusdem
861 1593 958 1680 burgi
980 1615 1020 1661 ex
1043 1603 1138 1680 parte
1155 1593 1311 1698 orientali
1333 1594 1386 1662 vie
1409 1596 1599 1664 communis

240 1719 306 1784 qua
321 1697 389 1768 itur
402 1719 520 1766 versus
542 1697 720 1766 ecclesiam
744 1698 972 1766 cathedralem
988 1697 1245 1768 abirdonensem
1268 1709 1366 1786 prout
1390 1721 1427 1768 se
1449 1701 1599 1768 extendit

240 1825 261 1872 a
281 1803 372 1872 dicta
389 1803 444 1872 via
466 1825 584 1872 versus
599 1803 757 1873 occidens
771 1806 814 1872 ad
830 1805 861 1872 le
876 1803 1078 1890 galowhillis
1092 1826 1210 1872 versus
1225 1805 1336 1874 oriens
1353 1805 1442 1874 inter
1456 1807 1599 1874 crofturn

242 1909 387 1979 Walteri
408 1909 598 1978 vmfrasene
613 1931 654 1976 ex
669 1919 765 1995 parte
787 1909 914 1978 boreali
929 1931 971 1976 ex
984 1930 1051 1976 vna
1070 1918 1104 1976 et
1122 1909 1265 1977 croftum
1288 1911 1429 1978 fratrum
1452 1911 1601 1997 predica·

241 2025 353 2082 torum
372 2014 522 2084 eiusdem
541 2013 637 2100 burgi
653 2036 694 2082 ex
709 2023 804 2101 parte
819 2013 960 2082 australi
976 2013 1128 2100 partibus
1143 2015 1186 2082 ab
1201 2013 1307 2082 altera
1326 2035 1430 2082 vnum
1450 2037 1600 2084 annuum

242 2117 410 2186 redditum
429 2139 487 2184 sex
506 2117 688 2186 solidorum
708 2119 749 2184 de
768 2119 913 2202 quadam
934 2127 1024 2185 terra
1048 2119 1185 2186 Iacente
1207 2117 1293 2186 infra
1311 2119 1439 2186 dictum
1458 2121 1600 2206 burgum

243 2221 277 2288 in
293 2223 328 2310 ly
342 2243 418 2290 new
432 2245 502 2290 raw
520 2221 586 2288 vici
605 2223 774 2290 furcarum
798 2221 886 2288 inter
908 2231 1032 2288 terram
1049 2223 1172 2290 andree
1188 2221 1296 2290 maior
1310 2243 1351 2290 ex
1366 2233 1460 2309 parte
1476 2225 1601 2292 boreali

243 2347 284 2392 ex
305 2347 372 2394 vna
390 2335 423 2392 et
444 2335 568 2394 terram
592 2325 719 2393 domini
741 2327 874 2394 Andrce
897 2325 957 2394 filii
978 2325 1142 2394 Iohannis
1164 2328 1351 2396 andersone
1373 2329 1538 2416 capellani
1561 2351 1603 2398 ex

243 2439 339 2517 parte
365 2431 505 2499 australi
531 2431 683 2518 partibus
709 2453 749 2500 ex
776 2431 883 2500 altera
911 2431 1088 2500 duodecim
1116 2431 1241 2500 solidos
1265 2432 1368 2502 annui
1394 2434 1546 2503 redditus
1568 2443 1601 2503 et

243 2559 347 2606 vnum
377 2557 528 2606 annuum
557 2537 725 2606 redditum
755 2537 1068 2624 trigintaquinque
1098 2538 1280 2608 solidorum
1309 2539 1437 2607 vsualis
1466 2549 1601 2610 monete

244 2643 349 2712 scotie
364 2643 546 2712 leuandum
558 2643 735 2712 annuatim
751 2645 793 2712 de
808 2643 894 2712 meis
904 2653 982 2712 octo
993 2642 1102 2710 decim
1116 2642 1289 2730 perticatis
1303 2652 1391 2712 terre
1407 2645 1601 2714 lacentibus

244 2749 279 2816 in
294 2749 461 2817 territorio
476 2749 572 2836 burgi
587 2751 628 2817 de
645 2749 766 2817 Kintor
780 2749 946 2816 tenendos
960 2755 994 2816 et
1009 2747 1183 2818 habendos
1198 2757 1231 2818 et
1247 2748 1467 2836 percipendos
1482 2771 1601 2819 omnes

156 2883 159 2888 ¹
245 2863 279 2924 et
294 2853 446 2942 singulos
461 2875 592 2924 annuos
606 2853 759 2924 redditus
775 2875 876 2940 supra
892 2853 1001 2922 dictos
1019 2875 1097 2922 curn
1121 2852 1338 2940 pertinenciis
1355 2855 1486 2942 prefato
1501 2855 1600 2924 altari

245 2961 336 3031 beati
352 2962 475 3030 andree
490 2960 634 3048 apostoli
657 2969 692 3029 et
715 2960 890 3048 capellano
913 2959 1037 3029 ibidem
1060 2955 1176 3028 diuina
1199 2957 1374 3028 celibranti
1397 2969 1431 3028 et
1453 2981 1513 3046 pro
1529 2982 1601 3047 per·
1622 2973 1726 3030 Μ·

246 3075 349 3154 petuo
364 3065 565 3134 celibraturo
589 3069 631 3133 In
653 3087 773 3152 puram
797 3063 1009 3134 elimosinam
1033 3063 1280 3150 imperpetuum
1300 3085 1377 3132 curn
1396 3063 1553 3132 omnibus
1568 3073 1602 3132 et

246 3171 389 3258 singulis
410 3171 623 3240 libertatibus
645 3169 908 3239 comoditatibus
930 3180 964 3238 et
982 3169 1181 3237 asiamentis
1204 3191 1244 3237 ac
1268 3169 1373 3237 Iustis
1388 3167 1604 3255 pertinenciis

247 3277 502 3364 quibuscunque
521 3279 563 3345 ad
586 3276 695 3345 dictos
718 3298 850 3344 annuos
864 3275 1015 3344 redditus
1033 3295 1110 3342 curn
1134 3273 1351 3360 pertinenciis
1374 3271 1606 3358 spectantibus

248 3405 307 3451 seu
323 3383 410 3450 iuste
426 3393 579 3469 spectare
593 3381 784 3450 valentibus
796 3381 1045 3467 quomodolibet
1061 3379 1095 3446 in
1110 3379 1260 3447 futurum
1277 3380 1361 3482 adeq
1377 3378 1479 3445 libere
1494 3377 1606 3464 quiete

247 3488 396 3575 plenarie
420 3487 549 3574 integre
572 3485 756 3554 honorifice
780 3497 814 3554 et
838 3487 872 3553 in
897 3507 980 3573 pace
1004 3484 1039 3552 in
1063 3483 1220 3553 omnibus
1244 3493 1278 3551 et
1303 3505 1363 3568 per
1386 3482 1500 3550 omnia
1520 3481 1607 3550 sicut

249 3594 362 3680 aliqua
386 3593 563 3670 elimosina
585 3593 656 3661 dari
679 3592 802 3679 poterit
825 3591 879 3660 vel
904 3591 1042 3660 concedi
1065 3590 1240 3659 faciendus
1264 3589 1341 3656 inde
1364 3589 1475 3656 dictus
1499 3587 1608 3673 capel-

249 3699 348 3768 lanus
370 3700 427 3791 qui
450 3721 510 3786 pro
532 3709 684 3785 tempore
698 3697 797 3766 fuerit
815 3721 875 3786 pro
891 3697 1069 3766 animabus
1091 3695 1216 3764 nostris
1239 3694 1398 3784 predictis
1413 3693 1608 3762 oracionem

250 3799 630 3893 suffragiafdeuotarum
654 3813 789 3872 tantum
812 3827 872 3890 pro
896 3803 989 3871 omni
1011 3803 1078 3870 alio
1105 3800 1247 3869 seruicio
1270 3799 1412 3868 seculari
1435 3797 1609 3866 exactione

249 3910 304 3978 uel
338 3909 505 3978 demanda
540 3929 604 3995 que
641 3909 683 3976 de
716 3907 876 3994 predictis
906 3905 1029 3976 annuis
1062 3905 1248 3974 redditibus
1283 3925 1360 3972 curn
1394 3901 1610 3989 pertinenciis

251 4015 441 4100 aliqualiter
474 4013 560 4101 exigi
594 4011 717 4101 poterit
751 4023 810 4081 aut
839 4011 962 4098 requiri
993 4013 1040 4078 Et
1070 4032 1133 4097 ego
1161 4031 1242 4078 vero
1271 4009 1422 4095 prefatus
1451 4009 1610 4075 recardus

251 4121 392 4189 heredes
412 4119 477 4206 mej
498 4129 532 4188 et
555 4121 620 4206 mej
641 4119 805 4205 assignati
826 4141 944 4186 omnes
966 4127 1000 4185 et
1023 4116 1174 4204 singulos
1192 4136 1324 4184 annuos
1342 4113 1492 4182 redditus
1510 4133 1611 4198 super

251 4225 418 4313 predictos
456 4247 533 4292 cum
570 4223 787 4312 pertinenciis
823 4233 941 4292 contra
974 4242 1093 4289 omnes
1131 4221 1292 4288 mortales
1324 4215 1611 4286 varentizabirnus

252 4329 499 4417 aquietabimus
525 4339 559 4398 et
583 4329 831 4416 imperpetuum
858 4328 1077 4396 defendemus
1102 4329 1180 4395 Iure
1205 4348 1285 4394 vero
1308 4321 1524 4411 presentandj
1550 4343 1610 4390 seu

251 4447 451 4524 patronatus
476 4435 565 4505 dicte
592 4435 777 4522 capellanie
804 4433 907 4501 michi
931 4443 965 4502 et
990 4434 1131 4502 mariote
1155 4454 1277 4520 sponse
1293 4453 1368 4498 mee
1389 4437 1609 4512 nostrumque

251 4542 378 4612 diutius
397 4541 525 4610 viuenti
545 4551 579 4608 et
600 4550 677 4627 post
697 4539 826 4608 obitum
849 4547 1002 4608 nostrum
1026 4539 1200 4607 carissimo
1221 4533 1472 4622 consanguineo
1494 4541 1610 4600 nostro

250 4650 374 4716 andree
410 4647 583 4716 ruderfurd
620 4657 654 4716 et
691 4647 869 4715 heredibus
906 4645 976 4714 suis
1009 4655 1181 4715 reseruato
1214 4655 1248 4713 et
1281 4643 1377 4714 saluo
1413 4648 1610 4714 remanente
