4488 5996
643 645 707 728 248
1020 647 1181 714 Fundate'o
1202 648 1349 735 mgistri
1369 647 1484 714 retorti
1505 647 1633 716 Sohund

644 839 709 904 que
733 819 939 905 presentium
964 822 1045 888 dare
1070 823 1253 890 concedere
1277 821 1461 890 deliberare
1484 831 1518 890 et
1542 822 1606 890 hac
1631 833 1786 908 presente
1813 835 2007 894 certamen

644 921 843 990 confirmare
868 923 1115 990 venerabilibus
1145 933 1178 990 et
1209 923 1363 991 discretis
1388 924 1470 990 viris
1492 935 1610 992 curato
1640 937 1674 992 et
1701 927 1887 1012 capellanis
1913 931 2007 998 chon'

643 1025 785 1094 ecclesie
822 1028 1043 1113 parrochialis
1072 1029 1141 1114 diuj
1181 1030 1304 1098 nicolai
1342 1031 1383 1098 de
1421 1031 1579 1098 abirdene
1612 1031 1737 1098 Totam
1776 1043 1809 1100 et
1839 1034 2006 1120 integram

643 1151 812 1198 summam
829 1133 970 1219 pecunie
985 1136 1208 1202 ducentarum
1224 1135 1447 1220 quadraginta
1463 1157 1651 1203 morcarum
1667 1137 1702 1202 in
1718 1159 1799 1204 auro
1815 1149 1850 1206 et
1865 1151 2006 1226 argento

641 1237 769 1304 usualis
786 1248 920 1306 monete
937 1239 1031 1326 regnj
1050 1240 1154 1308 scotie
1173 1243 1216 1308 ad
1237 1243 1417 1308 emendum
1433 1252 1466 1308 et
1483 1243 1767 1326 appropriandum
1788 1244 1878 1330 Ipsis
1896 1247 2005 1330 capel·

643 1340 731 1408 lanis
757 1351 791 1409 et
815 1365 931 1410 eorum
957 1346 1209 1413 successoribus
1233 1346 1419 1432 capellanis
1444 1347 1585 1432 predicti
1608 1347 1701 1414 chori
1724 1369 1828 1414 vnum
1852 1371 2016 1436 annuum,

642 1447 810 1514 redditum
831 1449 1007 1516 duodecim
1033 1472 1222 1518 mercatum
1246 1461 1381 1518 monete
1406 1451 1576 1519 antedicte
1601 1452 1778 1519 annuatim
1803 1455 2003 1521 Leuandum

643 1551 893 1636 percipiendum
917 1562 950 1619 et
983 1555 1239 1640 importandum
1263 1555 1306 1621 ad
1333 1558 1418 1621 duos
1442 1555 1520 1638 annj
1547 1555 1710 1620 terminos
1735 1557 1871 1622 vsuales
1897 1557 2004 1642 penti-

643 1663 754 1722 costes
768 1655 924 1722 videlicet
941 1665 974 1722 et
990 1657 1100 1723 sancti
1116 1657 1252 1743 martinj
1279 1659 1319 1723 In
1343 1657 1463 1743 hyeme
1484 1679 1543 1742 per
1558 1658 1695 1744 equales
1718 1659 1890 1744 portiones
1913 1659 2003 1745 Ipsis

643 1759 828 1846 capellanis
858 1771 891 1826 et
922 1781 1037 1827 eorum
1065 1761 1316 1828 successoribus
1343 1763 1596 1848 Imperpetuum
1624 1761 1835 1848 Quaquidem
1862 1763 2004 1848 pecunie

642 1885 776 1930 summa
798 1866 1020 1931 ducentarum
1044 1865 1267 1950 quadraginta
1290 1885 1480 1932 marcarum
1504 1865 1624 1950 prelati
1647 1867 1813 1952 capellanj
1837 1877 2001 1935 eteorum

642 1967 801 2033 collector
819 1989 879 2053 pro
901 1977 1052 2052 tempore
1075 1977 1228 2034 emerunt
1251 1989 1354 2035 vnum
1378 1988 1529 2035 annuum
1553 1968 1720 2038 redditum
1744 1970 1892 2056 quinque
1915 1993 2002 2039 mar·

641 2091 756 2136 carum
784 2072 826 2137 de
851 2070 934 2136 totis
964 2080 997 2136 et
1028 2071 1167 2156 integris
1193 2071 1291 2137 terris
1317 2075 1357 2138 de
1383 2071 1654 2158 vastiressintuly
1681 2095 1758 2138 cum
1789 2075 2002 2160 pertinentiis

642 2173 836 2240 lacentibus
851 2173 937 2240 inira
958 2173 1231 2241 vicecomitatum
1255 2176 1296 2240 de
1312 2175 1495 2260 kyncardin
1512 2175 1592 2242 olim
1615 2176 1861 2260 pertinentibus
1876 2183 2000 2248 andree
2041 2265 2045 2271 Ι

641 2297 777 2364 murray
793 2277 950 2363 burgensi
966 2279 1007 2344 de
1023 2277 1180 2344 abirdene
1204 2279 1250 2344 Et
1273 2277 1377 2345 alium
1401 2299 1552 2344 annuum
1575 2278 1743 2345 redditum
1760 2291 1889 2366 septem
1914 2304 2001 2349 mar·

639 2403 756 2450 carum
780 2383 822 2450 de
851 2381 949 2448 terris
972 2381 1052 2448 olim
1077 2381 1240 2450 Iohannis
1262 2405 1394 2470 cowper
1419 2383 1577 2470 contigue
1600 2385 1833 2452 adiacentibus
1861 2387 1901 2452 In
1926 2388 2001 2456 vico

639 2486 793 2553 inferiore
815 2486 957 2554 ecclesie
979 2487 1120 2572 predicti
1145 2488 1240 2574 burgi
1256 2491 1297 2556 de
1312 2489 1471 2556 abirdene
1493 2511 1535 2556 ex
1549 2488 1703 2557 orientali
1727 2500 1823 2576 parte
1847 2492 1999 2560 eiusdem

637 2588 703 2656 vici
722 2589 810 2656 inter
833 2611 1031 2657 communes
1045 2590 1118 2658 vias
1141 2592 1251 2678 regias
1266 2613 1307 2660 ex
1321 2593 1463 2660 australi
1485 2593 1611 2660 boreali
1628 2604 1660 2660 et
1677 2593 1831 2662 orientali
1847 2597 2000 2682 partibus

639 2703 672 2761 et
697 2697 822 2762 terram
845 2696 960 2762 thome
984 2696 1166 2764 andirsoun
1189 2719 1307 2764 versus
1330 2698 1488 2766 occidens
1512 2699 1783 2766 Extendentibus
1803 2699 1837 2766 in
1858 2711 1931 2768 toto
1956 2705 2008 2770 ad·

640 2800 833 2869 huiusmodi
872 2801 1040 2887 integrum
1078 2823 1229 2870 annuum
1259 2804 1436 2870 duodecim
1474 2825 1662 2871 mercarum
1701 2815 1800 2890 prout
1831 2805 1865 2870 in
1895 2808 1999 2875 cartis

639 2903 874 2973 instrumentis
890 2907 1002 2973 sasine
1017 2907 1185 2993 preceptis
1201 2918 1234 2975 et
1250 2909 1328 2995 alijs
1348 2909 1527 2976 euidentiis
1547 2909 1636 2995 Ipsis
1652 2910 1839 2995 capellanis
1855 2913 2000 2997 desuper

639 3011 801 3077 conlectis
817 3011 967 3097 plenarie
989 3012 1182 3080 continetur
1203 3015 1431 3100 Quamobrem
1452 3015 1592 3100 predicti
1614 3024 1751 3082 curatus
1774 3025 1807 3082 et
1830 3017 1996 3104 capellan]¹

639 3113 732 3181 chori
758 3115 900 3182 ecclesie
930 3116 1100 3183 antedicte
1122 3127 1155 3184 et
1186 3118 1237 3204 suj
1264 3139 1476 3185 successores
1502 3140 1562 3204 pro
1585 3119 1695 3186 salute
1724 3119 1837 3186 anime
1861 3141 1935 3188 mee
1957 3143 1998 3190 ac

639 3219 829 3288 animarum
856 3219 1007 3288 omnium
1035 3221 1260 3307 predictorum
1288 3223 1497 3290 celibrabunt
1522 3223 1638 3289 dietim
1664 3244 1766 3289 vnam
1790 3221 1930 3290 missam
1954 3225 1998 3292 ad

638 3323 746 3391 altare
770 3335 886 3393 sancte
902 3347 990 3392 anne
1013 3325 1099 3393 infra
1122 3327 1308 3412 predictam
1326 3327 1505 3395 ecclesiam
1526 3327 1771 3413 parrochialem
1786 3327 1854 3413 diuj
1873 3329 1995 3414 nicolaj

637 3434 678 3499 de
694 3433 852 3500 abirdene
867 3433 1132 3501 situatum-hora
1146 3433 1324 3501 undecima
1347 3443 1426 3504 ante
1449 3433 1623 3502 meridiem
1646 3433 1831 3519 prehabitis
1846 3445 1879 3500 et
1895 3434 1997 3502 tactis

636 3535 792 3603 undecim
819 3537 973 3622 pulsibus
1000 3558 1166 3623 campane
1196 3539 1332 3606 maioris
1362 3539 1453 3626 omnj
1481 3539 1535 3606 die
1562 3541 1816 3625 Imperpetuum
1841 3539 1996 3607 videlicet

637 3641 786 3724 quolibet
813 3641 867 3708 die
893 3641 1062 3709 dominico
1088 3643 1228 3710 missam
1255 3645 1492 3712 dominicalem
1519 3655 1577 3712 aut
1604 3645 1646 3712 de
1672 3665 1872 3728 quocunque
1896 3643 1997 3712 luerit

637 3744 761 3811 festum
778 3745 831 3812 die
855 3745 934 3813 lune
950 3748 1090 3815 missam
1106 3751 1147 3816 de
1163 3749 1277 3835 requie
1293 3771 1370 3816 cum
1387 3751 1451 3817 hac
1473 3749 1625 3817 oratione
1641 3748 1800 3815 miserere
1812 3769 1997 3832 quesumus

638 3848 773 3916 domine
789 3849 967 3919 animabus
982 3853 1134 3920 omnium
1157 3853 1306 3922 fidelium
1329 3855 1563 3922 defunctorum
1586 3855 1627 3920 de
1652 3852 1775 3919 marcis
1797 3852 1938 3920 missam
1953 3853 1996 3920 de

637 3961 757 4018 sancta
786 3973 877 4020 anna
903 3957 1063 4039 pretende
1089 3956 1224 4022 domine
1253 3957 1380 4024 famulo
1405 3965 1464 4024 tuo
1488 3965 1522 4022 et
1549 3955 1707 4022 miserere
1733 3955 1995 4039 quesumusdie

638 4053 793 4140 mercurij
811 4054 952 4122 missam
968 4058 1010 4123 de
1025 4067 1144 4124 sancto
1161 4057 1280 4143 spiritu
1301 4079 1377 4130 cum
1399 4058 1537 4144 prelatis
1556 4056 1765 4124 orationibus
1785 4058 1945 4142 pretende
1960 4065 1994 4124 et

638 4155 797 4222 miserere
812 4155 866 4224 die
889 4157 982 4224 Iouis
1004 4159 1144 4226 missam
1167 4160 1209 4227 de
1231 4181 1368 4246 corpore
1391 4159 1508 4227 christi
1531 4181 1609 4226 cum
1637 4157 1764 4227 eisdem
1786 4159 1994 4228 orationibus

637 4260 691 4329 die
714 4261 848 4328 veneris
874 4261 1014 4330 missam
1042 4264 1083 4331 de
1110 4264 1256 4350 quinque
1280 4265 1474 4334 vulneribus
1501 4266 1604 4334 Ihesu
1630 4264 1748 4333 christi
1774 4285 1852 4332 cum
1879 4285 1993 4350 supra·

637 4361 772 4448 scriptis
797 4363 1007 4432 orationibus
1033 4375 1067 4433 et
1094 4367 1148 4434 die
1170 4367 1279 4435 sabati
1305 4367 1445 4435 missam
1472 4369 1514 4436 de
1544 4377 1662 4436 sancta
1689 4368 1796 4436 maria
1822 4389 1900 4436 cum
1920 4389 1993 4454 pre·

636 4465 737 4532 dictis
759 4465 966 4534 orationibus
988 4467 1054 4534 nisi
1084 4469 1261 4555 contigerit
1286 4470 1420 4538 euenire
1444 4471 1567 4557 duplex
1589 4471 1713 4538 festum
1738 4473 1784 4538 Et
1808 4481 1890 4538 tunc
1916 4471 1993 4540 celi·

636 4569 780 4636 brabunt
817 4571 859 4637 de
897 4569 961 4638 Illo
997 4571 1130 4656 duplice
1166 4572 1253 4640 festo
1289 4573 1434 4658 receptis
1467 4573 1660 4642 huiusmodi
1700 4574 1908 4642 orationibus
1944 4575 1991 4643 Et
