4472 5992
545 593 547 602 Ι
608 655 648 722 14
899 639 1091 706 ornamenta
1113 637 1205 706 uaria
1226 637 1363 705 Ecclesia
1385 636 1496 704 Sancti
1517 635 1670 704 Nicholai

605 809 824 880 decoracione
854 821 887 880 et
914 811 1133 880 veneracione
1168 809 1383 879 sanctissime
1419 809 1538 878 matris
1569 821 1684 878 nostre
1713 809 1854 878 ecclesie
1880 809 1968 878 sicut

605 915 754 984 lecerunt
784 903 904 1002 populi
925 916 1124 985 hebreorum
1151 925 1186 982 vt
1213 913 1247 982 in
1278 915 1420 983 historia
1450 915 1573 1001 legitur
1602 917 1817 983 Omauerunt
1846 914 1968 982 faciem

605 1020 723 1106 templi
746 1020 879 1088 coronis
902 1020 1013 1088 aureis
1028 1031 1061 1088 et
1077 1019 1318 1088 dedicauerunt
1342 1021 1449 1087 altare
1472 1019 1609 1088 domino
1625 1029 1659 1086 et
1673 1021 1764 1086 iacta
1784 1029 1836 1085 est
1854 1017 1968 1086 leticia

579 1175 580 1178 ,
604 1147 730 1212 magna
745 1125 779 1192 in
796 1126 920 1212 populo
942 1126 1019 1212 Filij
1037 1125 1140 1212 igitur
1157 1125 1302 1212 benigno
1323 1125 1443 1216 spiritu
1463 1125 1620 1210 operibus
1641 1123 1794 1191 caritatis
1816 1115 1968 1209 instigati

605 1231 648 1297 ab
663 1229 802 1315 antiquo
825 1241 1030 1298 ornauerunt
1046 1230 1167 1298 faciem
1191 1239 1309 1298 sancte
1324 1229 1443 1298 matris
1462 1239 1576 1296 nostre
1598 1228 1740 1297 ecclesie
1755 1227 1968 1296 vestimentis

606 1335 717 1402 aureis
729 1334 898 1422 argenteis
913 1345 947 1402 et
963 1335 1164 1404 bombicinis
1180 1335 1252 1404 auri
1268 1335 1370 1402 textis
1384 1333 1600 1422 ymaginibus
1615 1333 1806 1403 lucentibus
1824 1334 1969 1420 gemmis

606 1439 767 1524 preciosis
791 1439 954 1508 calicibus
975 1441 1148 1510 codicibus
1171 1440 1347 1528 campanis
1369 1451 1402 1508 et
1427 1441 1503 1508 aliis
1526 1441 1726 1508 utensilibus
1749 1443 1792 1509 ad
1814 1441 1967 1508 diuinum

604 1544 802 1630 obsequium
823 1555 857 1612 et
879 1545 1103 1614 ministerium
1127 1546 1407 1615 conuenientibus
1428 1549 1474 1613 Et
1492 1545 1733 1614 dedicauerunt
1756 1545 1843 1612 idest
1866 1545 1968 1612 sacri-

604 1647 790 1716 ficauerunt
818 1649 925 1718 altare
951 1651 1088 1718 domino
1115 1651 1297 1718 honorifice
1323 1650 1358 1717 in
1385 1651 1521 1718 odorem
1548 1649 1729 1718 suauitatis
1759 1649 1968 1718 holocaustis

604 1753 779 1840 sacrificiis
792 1753 905 1822 missis
921 1755 1062 1824 decimis
1080 1755 1250 1842 premicijs
1266 1767 1299 1824 et
1316 1753 1571 1824 obulacionibus
1587 1753 1817 1840 spiritualibus
1829 1755 1968 1842 jeiunijs

602 1867 636 1924 et
658 1857 870 1928 oracionibus
894 1859 928 1926 in
950 1861 1109 1948 hympnis
1132 1871 1165 1928 et
1189 1859 1456 1928 confessionibus
1474 1869 1507 1928 et
1527 1861 1681 1929 dulcibus
1704 1859 1846 1928 canticis
1870 1862 1967 1928 bene·

602 1963 759 2032 dicebant
792 1965 967 2034 dominum
1005 1969 1051 2034 Et
1088 1967 1137 2034 sic
1166 1967 1257 2034 iacta
1286 1977 1338 2034 est
1369 1965 1482 2034 leticia
1512 1989 1637 2052 magna
1666 1964 1700 2031 in
1731 1965 1855 2051 populo
1887 1967 1968 2033 ldco

600 2069 722 2138 iratres
744 2071 888 2140 letemur
910 2093 973 2140 nos
995 2083 1029 2140 et
1054 2074 1280 2141 locundemur
1301 2072 1484 2160 gliscentes
1506 2093 1622 2140 eorum
1640 2071 1783 2158 vestigia
1806 2072 1968 2140 beneuolc

600 2173 804 2260 proscrutari
1955 2199 1958 2208 ·

687 2383 942 2470 [V]enerabiles
974 2385 1072 2454 multi
1099 2395 1179 2454 ante
1212 2407 1275 2454 nos
1297 2385 1431 2454 luerunt
1457 2383 1666 2470 temporibus
1694 2381 1765 2450 suis
1790 2381 1846 2470 qui
1873 2381 1966 2453 ducti

602 2489 789 2558 deuocione
812 2511 937 2576 magna
959 2491 994 2558 in
1017 2493 1143 2559 honore
1166 2491 1219 2560 dei
1242 2491 1486 2578 omnipotentis
1510 2501 1626 2558 sancte
1650 2489 1754 2558 marie
1769 2489 1909 2576 virginis
1927 2513 1967 2558 ac

603 2593 790 2660 beatissimi
806 2595 1007 2663 confessoris
1019 2597 1108 2664 beati
1125 2596 1283 2664 Nicholai
1296 2595 1428 2684 patroni
1441 2594 1547 2664 nostri
1557 2605 1590 2662 et
1603 2594 1754 2662 omnium
1771 2605 1966 2662 sanctorum

509 2767 514 2776 ,
604 2697 658 2764 dei
669 2699 913 2766 decorauerunt
925 2709 959 2767 et
972 2703 1220 2769 adornauerunt
1233 2711 1376 2768 matrem
1393 2711 1544 2768 nostram
1561 2699 1771 2786 spiritualem
1787 2699 1966 2768 ecclesiam

605 2803 833 2887 parochialem
850 2807 891 2872 de
907 2807 1081 2874 Aberdene
1100 2807 1252 2892 pluribus
1271 2805 1445 2892 beneficijs
1460 2817 1493 2874 et
1509 2805 1666 2892 operibus
1681 2805 1810 2872 sanctis
1825 2828 1966 2892 quorum

604 2907 743 2976 nomina
758 2908 792 2975 in
809 2910 893 2978 libro
913 2910 981 2978 vite
1003 2921 1082 2980 sunt
1103 2910 1224 2980 merita
1240 2912 1274 2978 in
1290 2911 1372 2978 celis
1388 2922 1421 2978 et
1438 2911 1549 2979 anime
1570 2920 1765 2978 sanctorum
1789 2911 1968 2997 coequales

604 3022 637 3079 et
656 3013 723 3082 iere
744 3036 859 3082 eorum
883 3015 1021 3084 nomina
1039 3027 1072 3084 et
1092 3037 1193 3102 opera
1216 3028 1336 3086 sancta
1356 3017 1457 3084 modo
1479 3017 1659 3084 traduntur
1675 3015 1837 3082 obliuioni
1861 3017 1929 3084 Sed
1947 3039 1967 3084 o

604 3138 706 3202 quam
726 3117 866 3206 dignum
887 3131 920 3188 et
939 3121 1066 3188 iustum
1082 3132 1134 3188 est
1150 3133 1183 3189 et
1200 3121 1263 3190 toti
1283 3121 1411 3190 racioni
1428 3141 1615 3190 consonum
1634 3130 1671 3188 ut
1690 3119 1829 3187 nomina
1850 3141 1966 3188 eorum

604 3231 638 3289 et
659 3225 747 3290 bona
769 3245 871 3310 opera
893 3227 936 3294 ad
959 3225 1157 3294 memoriam
1181 3249 1380 3295 reuocemus
1402 3237 1439 3294 ut
1462 3228 1504 3294 de
1527 3227 1614 3294 bono
1637 3247 1700 3311 ope
1722 3235 1756 3292 et
1784 3224 1968 3294 deuocione

604 3326 747 3412 proximi
768 3328 915 3397 habeant
933 3331 1125 3417 exemplum
1141 3341 1175 3400 et
1190 3331 1378 3418 glorificent
1399 3333 1499 3400 deum
1520 3340 1673 3398 nostrum
1690 3328 1746 3413 qui
1762 3328 1797 3396 in
1813 3329 1896 3396 celis
1915 3340 1967 3397 est

604 3453 789 3518 perquem
818 3433 933 3502 omnia
957 3436 1049 3504 facta
1080 3447 1219 3504 suntet
1247 3435 1320 3504 sine
1351 3459 1416 3522 quo
1442 3435 1646 3502 factumest
1671 3433 1775 3500 nichil
1806 3433 1861 3502 cui
1892 3433 1967 3502 laus

605 3547 759 3624 potestas
777 3537 955 3626 imperium
973 3551 1007 3608 et
1025 3541 1132 3628 gloria
1150 3543 1235 3610 fiunt
1254 3563 1313 3630 per
1330 3541 1463 3610 infinita
1480 3539 1670 3608 seculorum
1690 3539 1804 3608 secula
1824 3559 1924 3608 amen

694 3748 752 3833 [A]
761 3771 829 3818 nno
853 3749 980 3820 domini
1009 3751 1192 3822 Millesimo
1218 3751 1449 3822 tricentesimo
1476 3751 1734 3838 quadragesimo
1758 3750 1968 3819 venerabiles

607 3851 669 3918 viri
693 3855 893 3924 Willermus
916 3859 957 3924 de
980 3867 1100 3945 turyne
1127 3859 1322 3944 Stephanus
1345 3859 1386 3926 de
1409 3857 1557 3926 manuell
1582 3868 1616 3924 et
1642 3856 1902 3924 Bertholomeus
1926 3857 1968 3924 de

607 3955 807 4042 Eglishame
836 3973 1042 4032 ornauerunt
1072 3963 1250 4032 ecclesiam
1282 3963 1511 4050 parochialem
1541 3961 1623 4030 dicti
1653 3961 1748 4048 burgi
1778 3961 1820 4028 dc
1846 3960 1967 4048 princi·

606 4063 732 4148 paliore
762 4075 795 4132 et
826 4065 953 4134 maiore
981 4068 1140 4156 ymagine
1170 4068 1278 4138 sancti
1312 4067 1470 4136 Nicholai
1500 4067 1535 4134 in
1565 4066 1676 4136 medio
1706 4065 1820 4152 magni
1850 4065 1968 4134 altaris

606 4171 733 4240 situata
755 4195 897 4259 quorum
921 4175 1054 4244 animas
1076 4177 1217 4264 recipiat
1240 4179 1323 4246 deus
1343 4175 1378 4242 in
1401 4186 1553 4252 eternam
1577 4171 1806 4240 saluacionem
1822 4193 1882 4258 pro
1906 4193 1968 4239 sua

605 4276 731 4361 pietate

692 4485 750 4568 [Α]
759 4508 826 4554 nno
842 4487 969 4556 domini
987 4489 1170 4558 Millesimo
1185 4489 1416 4558 tricentesimo
1431 4487 1689 4574 quadragesimo
1708 4489 1839 4572 Ymago
1858 4487 1967 4555 sancti

606 4588 764 4658 Nicholai
783 4593 826 4659 ad
844 4595 1028 4662 australem
1051 4607 1182 4682 partem
1199 4595 1313 4681 magni
1337 4595 1454 4664 altaris
1477 4593 1638 4662 antedicti
1655 4593 1782 4660 situata
1800 4591 1882 4660 inibi
1904 4593 1967 4660 luit
