4472 5992
421 675 522 742 Carta
547 671 700 740 Wununi
721 671 758 738 da
780 672 916 739 Comaru
936 671 980 736 ad
999 671 1100 738 athara
1122 671 1234 740 smne
1256 671 1434 738 Kathariue
1563 688 1605 754 43

248 849 304 934 vnj
329 845 504 934 capellano
528 845 658 916 Ibidem
680 843 796 914 diuina
819 843 1026 914 ministranti
1052 843 1213 932 obsequia
1236 843 1459 931 quadraginta
1481 841 1607 911 solidos

247 951 375 1020 venalis
401 959 536 1018 monete
564 949 673 1036 Regni
700 949 806 1018 scotie
833 951 1016 1019 Leuandos
1041 960 1075 1018 et
1101 949 1335 1036 percipiendos
1360 949 1536 1019 annuatim
1563 950 1606 1018 ad

133 1122 136 1132 ,
247 1059 333 1124 duos
355 1055 437 1124 anni
457 1052 622 1122 terminos
640 1054 777 1124 usuales
796 1052 951 1122 videlicet
974 1063 1188 1140 pentecostes
1211 1056 1258 1122 Et
1278 1053 1387 1140 sanctj
1412 1053 1548 1130 martini
1571 1053 1607 1122 in

245 1183 344 1248 yeme
359 1183 419 1248 per
432 1161 570 1248 equales
589 1159 766 1247 porciones
785 1161 828 1228 de
846 1159 947 1228 terris
967 1159 1053 1230 meis
1072 1162 1114 1229 de
1134 1163 1292 1248 Brynnas
1310 1159 1389 1228 Tuk
1408 1159 1608 1250 Jacentibus

247 1267 282 1334 in
308 1267 483 1336 Comitatu
513 1266 680 1336 buchanie
706 1275 739 1334 et
766 1265 981 1353 perhibendis
1006 1265 1116 1348 eidem
1146 1267 1321 1354 capellano
1346 1266 1400 1336 vel
1427 1289 1488 1334 suo
1515 1275 1608 1334 certo

247 1375 410 1460 deputato
430 1375 466 1442 in
487 1373 630 1442 ecclesia
650 1375 693 1442 dc
711 1373 881 1442 Abirdane
900 1395 1034 1462 semper
1048 1381 1082 1442 et
1098 1394 1272 1460 quousque
1291 1373 1369 1444 dein
1385 1373 1607 1460 quadraginta

248 1481 374 1550 solidos
393 1483 437 1550 ob
452 1479 736 1548 ministrationem
754 1481 798 1548 ad
814 1479 921 1548 altare
940 1479 1129 1566 predictum
1151 1479 1343 1548 faciendum
1366 1481 1467 1548 modo
1482 1487 1520 1548 ut
1534 1501 1608 1566 pre·

248 1587 395 1656 mittitur
418 1587 454 1654 in
480 1585 605 1656 annuis
629 1585 816 1655 redditibus
841 1585 928 1656 inira
954 1587 1097 1673 burgum
1124 1587 1166 1654 de
1191 1585 1359 1656 Abirdane
1385 1607 1445 1672 per
1470 1595 1607 1654 meant

247 1691 389 1760 heredes
411 1713 506 1760 meos
528 1713 588 1780 pro
610 1701 774 1780 perpetuo
796 1701 949 1762 creatum
964 1692 1018 1760 vel
1032 1693 1161 1762 iactum
1176 1691 1276 1760 fuerit
1292 1713 1353 1760 seu
1368 1692 1606 1760 confirmatum

247 1795 429 1866 Tenendos
443 1807 478 1866 et
493 1798 667 1866 habendos
689 1798 799 1868 dictos
821 1797 1046 1886 quadraginta
1065 1797 1192 1866 solidos
1205 1798 1343 1868 usuales
1362 1806 1499 1868 monete
1512 1797 1608 1885 regni

247 1903 359 1970 scocie
383 1905 513 1990 prefato
542 1903 719 1991 capellano
750 1905 880 1976 ibidem
911 1907 974 1973 deo
1003 1905 1165 1976 seruienti
1196 1915 1229 1974 ct
1260 1904 1332 1974 suis
1357 1905 1609 1978 successoribus

246 2009 290 2076 ad
311 2009 394 2078 illud
412 2011 519 2078 attare
539 2009 655 2080 diuina
675 2010 953 2097 supportantibus
976 2009 1011 2078 in
1035 2033 1156 2098 puram
1179 2019 1214 2080 at
1236 2020 1434 2098 perpetuam
1450 2009 1608 2080 Elimosi-

247 2134 327 2181 nam
353 2115 402 2183 ita
428 2116 531 2184 libere
556 2115 669 2202 quiete
696 2117 845 2203 plenarie
874 2127 908 2184 et
939 2117 1124 2185 honorifice
1150 2116 1237 2186 sicut
1264 2117 1378 2204 aliqua
1408 2117 1608 2205 Elymosina

246 2217 281 2284 in
305 2219 426 2306 Regno
447 2221 558 2290 scocie
580 2223 681 2290 datur
700 2232 760 2290 aut
783 2223 974 2310 possidetur
997 2225 1043 2290 Et
1064 2233 1102 2292 ut
1123 2223 1188 2292 hec
1209 2245 1286 2292 mea
1306 2243 1447 2311 presens
1466 2223 1609 2294 donacio

247 2325 487 2412 concessioque
508 2337 543 2394 et
565 2327 784 2396 confirmacio
803 2349 863 2414 pro
886 2338 995 2398 meet
1015 2329 1196 2398 heredibus
1216 2329 1301 2398 meis
1321 2332 1422 2400 modo
1444 2340 1478 2398 et
1500 2331 1609 2400 forma

247 2429 421 2515 premissis
436 2431 544 2500 eidem
561 2433 737 2519 capellano
753 2443 786 2500 st
802 2435 1054 2502 successoribus
1075 2434 1146 2503 suis
1161 2435 1257 2504 firme
1281 2445 1442 2504 mantane
1457 2445 1492 2503 et
1509 2436 1609 2504 lllesc

248 2535 289 2601 In
316 2535 413 2604 cuius
440 2537 503 2604 Rei
528 2538 763 2606 testimonium
786 2538 934 2626 sigillum
962 2562 1076 2608 meum
1103 2540 1317 2628 presentibus
1342 2551 1394 2609 est
1420 2563 1608 2628 appensum

246 2638 346 2724 Apud
372 2640 541 2710 Abirdane
567 2643 766 2712 duodecimo
793 2643 847 2712 die
873 2645 1001 2714 mensis
1028 2646 1238 2732 Septembris
1263 2649 1363 2715 Anno
1385 2647 1512 2716 domini
1535 2647 1609 2716 mil·

117 2837 120 2842 Α
247 2743 367 2812 lesimo
396 2743 739 2833 Quadringentesimo
765 2749 937 2818 tricesimo
963 2749 1073 2837 primo
1098 2773 1244 2820 unacum
1270 2752 1382 2839 sigillo
1407 2753 1610 2824 venerahilis

246 2849 309 2936 viri
332 2851 460 2938 dominj
483 2853 647 2922 Iohannis
668 2857 711 2922 de
734 2855 906 2941 Kingorne
920 2856 1036 2943 vicarij
1057 2857 1210 2944 perpetui
1226 2859 1267 2926 de
1282 2857 1452 2928 Abirdene
1473 2879 1533 2946 per
1555 2881 1610 2928 me

247 2975 325 3022 curn
364 2957 538 3026 Instancia
574 2969 755 3045 procurato
791 2959 826 3028 in
864 2961 1067 3031 instanciam
1104 2963 1301 3032 testimonio
1341 2963 1487 3051 plurium
1529 2967 1608 3034 fide·

246 3060 424 3148 dignorum

333 3167 476 3236 Summa
491 3167 593 3237 buius
606 3191 629 3236 x
643 3169 690 3239 tib

340 3465 528 3534 MNIBUS
565 3464 655 3534 hanc
691 3467 830 3536 Cartana
867 3468 991 3536 visuris
1027 3469 1080 3536 vel
1120 3467 1296 3538 Audituris
1332 3471 1527 3542 Willelmus
1564 3475 1606 3540 de
1628 3491 1691 3542 Wm
1707 3489 1829 3544 caumes

382 3569 527 3639 Camere
557 3569 715 3638 dominus
743 3572 785 3640 de
810 3572 956 3658 fyndone
979 3581 1014 3640 et
1040 3571 1218 3658 burgensis
1244 3574 1286 3642 de
1305 3573 1482 3644 Aberdene
1508 3575 1605 3644 Eter·
1627 3556 1828 3675 ffifflfflfm

247 3693 327 3742 nam
362 3676 404 3742 In
436 3673 574 3742 domino
606 3675 751 3744 salutem
790 3677 964 3746 Nouaritis
998 3699 1052 3745 me
1085 3699 1147 3764 pro
1181 3679 1291 3748 salute
1324 3679 1437 3748 anime
1468 3701 1542 3751 mee
1571 3689 1605 3749 et
1627 3688 1698 3740 eost
1727 3751 1735 3768 ,
1774 3751 1781 3766 ,

247 3778 443 3848 Elirabetht
470 3783 640 3866 quondam
666 3803 790 3868 sponse
820 3803 894 3850 mee
923 3793 956 3850 et
987 3805 1048 3870 pro
1078 3783 1188 3852 salute
1217 3785 1409 3855 animarum
1439 3785 1546 3872 patris
1571 3795 1605 3854 et
1628 3753 1797 3872 mmm

246 3885 367 3954 matris
393 3907 468 3954 mee
493 3897 746 3958 antecessorum
766 3897 800 3956 et
826 3889 1068 3958 successorum
1091 3911 1243 3958 meorum
1266 3891 1423 3980 precipue
1449 3913 1509 3977 pro
1534 3889 1605 3960 ani·

246 3991 367 4060 mabus
396 3991 548 4060 omnium
579 3995 620 4062 de
650 4015 793 4080 quorum
823 3995 920 4064 bonis
954 3995 1057 4064 habui
1086 3995 1276 4066 voluntarie
1309 4005 1343 4065 et
1374 3996 1605 4068 involuntarie

246 4097 380 4165 dedisse
401 4097 610 4167 concessisse
627 4109 662 4168 et
680 4101 745 4170 hae
767 4101 925 4187 presenti.
938 4111 1032 4170 carta
1052 4123 1130 4170 mea
1148 4103 1368 4172 confirmasse
1390 4123 1522 4171 necnon
1544 4123 1605 4188 pro

246 4224 301 4270 me
330 4203 510 4274 heredibus
546 4205 631 4274 meis
660 4207 981 4291 quietumclamasse
1010 4209 1073 4276 deo
1103 4207 1327 4294 omnipotenti
1364 4209 1462 4278 beate
1499 4207 1605 4276 marie

244 4307 365 4394 virginj
397 4319 431 4378 et
461 4310 618 4380 omnibus
652 4313 780 4381 sanctis
813 4314 884 4382 suis
914 4315 961 4382 Et
991 4313 1090 4384 altari
1121 4317 1218 4384 beate
1249 4313 1440 4382 Katberine
1464 4311 1605 4399 virginis

244 4411 280 4481 in
303 4415 446 4484 ecclesia
470 4417 559 4502 beatj
583 4415 730 4486 nicholai
753 4420 796 4488 de
817 4419 987 4490 Abirdene
1009 4419 1164 4490 ordinato
1187 4417 1244 4506 vnj
1271 4417 1446 4505 capellano
1473 4417 1603 4488 Ibidem

244 4529 440 4605 presentato
462 4523 506 4590 ad
532 4523 769 4592 celebrandum
796 4545 858 4610 pro
883 4533 1046 4612 perpetuo
1072 4547 1131 4592 sex
1153 4525 1257 4594 libras
1278 4523 1452 4592 trisdecim
1478 4523 1605 4592 solidos

243 4635 278 4692 et
293 4635 437 4710 quatuor
452 4628 609 4694 denarios
622 4629 750 4698 vsualis
773 4641 907 4700 monete
922 4631 1017 4717 regni
1040 4631 1153 4700 Scotie
1176 4629 1352 4734 annuatim
1369 4629 1603 4716 percipiendos
1718 4663 1724 4710 q
