4490 5990
567 698 699 766 Rentale
720 697 913 765 Reddituum
935 695 1046 764 altaris
1068 695 1168 764 emti
1189 695 1316 762 Andree
1347 733 1348 738 κ
1580 697 1622 784 69

265 871 344 942 huic
360 871 507 960 presenti
520 883 612 941 carte
624 893 697 938 mee
710 869 866 956 Sigillum
879 891 992 938 meum
1004 879 1056 938 est
1069 891 1256 956 appensum
1269 870 1359 955 apud
1368 869 1624 936 vniuersitatem

266 977 523 1048 abirdonensem
538 977 699 1044 vicesimo
715 976 823 1062 primo
839 975 892 1044 die
908 975 1035 1042 mensis
1050 975 1166 1061 marcij
1184 976 1283 1041 Anno
1299 975 1426 1041 domini
1444 975 1623 1042 millesimo

267 1083 537 1170 quingentesimo
553 1083 661 1170 primo
677 1083 800 1150 Coram
816 1081 971 1148 discretis
992 1091 1026 1148 et
1046 1079 1186 1149 famosis
1200 1080 1281 1146 viris
1297 1080 1469 1166 magistris
1487 1081 1625 1148 matheo

268 1187 376 1272 pacok
399 1187 534 1254 Andrea
560 1195 762 1272 patersoune
788 1184 924 1252 domino
950 1183 1093 1270 gilberto
1119 1185 1257 1252 chamer
1279 1185 1404 1252 vicario
1430 1187 1472 1252 de
1501 1185 1626 1253 tulicht

268 1291 369 1360 dauid
392 1291 460 1360 liell
483 1301 517 1360 et
540 1291 677 1360 domino
701 1291 852 1360 Iohanne
875 1289 1060 1377 Stirueling
1081 1289 1212 1358 notario
1236 1291 1370 1377 publico
1389 1313 1466 1360 cum
1483 1291 1627 1358 diuersis

269 1395 346 1483 alijs
361 1406 415 1466 etc

865 1661 1029 1728 XXXVI.

271 1828 402 1896 Rmtale
416 1849 593 1896 aemorum
607 1829 809 1896 Reddituum
816 1827 1039 1916 penitentium
1060 1827 1158 1894 altari
1178 1825 1281 1894 sancti
1302 1826 1428 1893 Andree
1449 1825 1486 1892 in
1502 1825 1627 1892 arasa

756 1934 929 2002 cathedrali
942 1933 1142 2002 attremat

326 2118 357 2184 N
382 2117 499 2206 primis
517 2119 552 2188 in
576 2119 715 2208 antiquo
738 2123 780 2190 de
802 2131 997 2190 tenemento
1019 2119 1142 2190 roberti
1166 2119 1331 2190 blinseille
1356 2121 1492 2188 Iacente
1516 2117 1551 2186 in
1573 2118 1629 2188 via

368 2221 494 2290 caustri
506 2224 602 2310 burgi
614 2226 655 2292 de
667 2224 834 2294 Abirdene
846 2225 935 2293 inter
945 2235 1069 2294 terram
1082 2225 1259 2294 Wilhelmi
1275 2235 1364 2294 ratre
1376 2247 1417 2292 ex
1429 2223 1583 2292 orientali
1595 2233 1628 2292 et

273 2335 398 2394 terram
419 2328 590 2396 alexandri
605 2331 796 2400 Watsoune
811 2353 852 2398 ex
874 2331 1075 2404 occidentali
1095 2331 1272 2400 annuatim
1288 2353 1359 2398 xxs
1375 2333 1463 2398 Item
1479 2331 1520 2397 de
1540 2339 1630 2398 terra

274 2433 444 2516 quondam
460 2433 625 2502 Willelmi
641 2438 764 2503 andree
786 2438 922 2504 Iacente
938 2435 972 2503 in
989 2437 1107 2504 eodem
1130 2435 1204 2503 vico
1227 2433 1315 2501 inter
1329 2444 1453 2502 terram
1477 2432 1629 2518 magistri

275 2535 441 2602 Willelmi
453 2537 650 2606 lewinstone
662 2561 703 2606 ex
714 2540 915 2608 occidentali
931 2551 965 2608 et
981 2550 1105 2608 terram
1122 2539 1285 2607 Iohannis
1301 2537 1412 2606 kintor
1423 2559 1464 2625 ex
1475 2536 1630 2606 orientali

275 2639 331 2726 xiij
346 2663 363 2708 s
378 2641 424 2726 iiij
439 2644 460 2710 d
484 2643 531 2709 Et
547 2646 588 2710 de
603 2646 734 2713 duabus
748 2645 847 2712 terris
862 2644 1000 2712 insimul
1020 2643 1214 2712 lacentibus
1229 2665 1270 2710 ex
1284 2643 1410 2710 boreali
1425 2652 1521 2729 parte
1535 2643 1577 2708 de
1600 2641 1631 2708 le

276 2743 505 2815 huksterrawe
520 2747 601 2815 dicti
620 2749 715 2836 burgi
731 2749 820 2818 inter
833 2761 958 2818 terram
970 2753 1139 2836 quondam
1157 2749 1309 2836 magistri
1323 2748 1486 2816 Iohannis
1501 2747 1579 2816 Clat
1591 2769 1632 2813 ex

277 2859 372 2935 parte
387 2851 588 2920 occidentali
600 2864 634 2922 et
648 2865 773 2922 terram
789 2855 890 2924 dauid
906 2855 966 2923 hill
983 2877 1023 2922 ex
1038 2867 1133 2940 parte
1148 2855 1308 2922 orientali
1315 2855 1389 2940 xxvj
1404 2877 1421 2920 s
1434 2853 1491 2940 viij
1506 2855 1527 2921 d
1544 2855 1631 2920 Item

277 2957 319 3022 de
330 2955 411 3024 villa
426 2958 466 3024 de
482 2957 668 3046 esthintuly
679 2959 714 3026 in
726 2961 835 3027 durris
849 2959 905 3046 xiij
919 2983 936 3028 s
951 2960 997 3046 iiij
1012 2962 1079 3028 det
1091 2960 1238 3026 solutum
1252 2958 1428 3027 annuatim
1440 2979 1500 3044 per
1511 2957 1633 3024 Iohan-

279 3081 356 3126 nem
369 3061 498 3128 knowis
509 3063 543 3128 in
554 3063 712 3132 abirdene
726 3067 813 3132 Item
826 3069 867 3132 de
876 3065 957 3133 villa
968 3067 1010 3133 de
1021 3065 1221 3150 balquhorin
1231 3064 1265 3130 in
1276 3064 1414 3132 baronia
1424 3065 1465 3130 de
1475 3063 1633 3130 findoune

279 3163 311 3228 xl
325 3186 342 3230 s
364 3173 415 3230 set
431 3166 588 3234 dominus
603 3169 644 3235 de
660 3191 760 3237 mane
776 3169 877 3238 soluit
893 3171 934 3237 de
949 3179 1144 3240 tenemento
1163 3191 1224 3236 suo
1247 3169 1282 3236 in
1306 3169 1463 3236 abirdene
1478 3167 1633 3234 videlicet

280 3267 311 3334 le
326 3272 461 3336 rownde
476 3271 572 3340 tabill
588 3275 764 3342 annuatim
780 3275 845 3342 nisi
867 3297 939 3342 xxs
963 3277 1051 3342 Item
1075 3297 1134 3362 per
1156 3273 1435 3360 compositionem
1459 3295 1518 3359 pro
1534 3271 1635 3340 certis

280 3369 402 3438 debitis
423 3371 512 3441 inter
533 3387 728 3446 executores
751 3380 920 3465 quondam
944 3377 1097 3465 magistri
1119 3377 1269 3446 laurenci
1291 3387 1372 3464 pyot
1390 3387 1436 3444 et
1461 3377 1635 3464 georgium

281 3475 374 3542 leslie
390 3479 431 3544 de
447 3479 543 3564 quhit
567 3503 659 3550 corss
681 3483 753 3570 ipse
776 3485 932 3572 georgius
954 3485 1048 3551 leslie
1070 3493 1204 3552 tenetur
1226 3485 1306 3552 dare
1329 3492 1457 3551 cartam
1482 3504 1578 3550 suam
1602 3491 1635 3548 et

281 3579 425 3664 desuper
446 3585 694 3667 possessionem
717 3609 778 3673 pro
800 3589 888 3673 xiijs
911 3588 994 3674 iiijd
1023 3589 1066 3656 ad
1092 3587 1219 3656 dictum
1247 3587 1353 3655 altare
1378 3585 1487 3654 sancti
1513 3588 1636 3654 andree

282 3685 323 3749 de
338 3683 436 3750 terris
451 3687 521 3754 suis
536 3690 578 3754 de
593 3689 690 3775 quhit
705 3713 798 3758 corss
813 3693 866 3759 uel
881 3693 1134 3778 glasgowlorest
1149 3701 1248 3778 prout
1271 3689 1433 3777 magister
1447 3690 1637 3758 laurencius

282 3785 353 3872 piot
364 3789 611 3860 conscienciam
623 3817 720 3862 suam
733 3795 885 3864 onerauit
897 3806 934 3864 ut
946 3795 1039 3883 prius
1050 3819 1110 3884 per
1122 3817 1218 3864 suam
1231 3795 1432 3882 scripturam
1444 3795 1637 3862 manualem

283 3915 385 3979 quam
401 3917 570 3966 summam
582 3899 638 3985 xiij
653 3921 670 3967 s
684 3900 731 3986 iiij
745 3903 767 3968 d
782 3901 893 3969 dictus
903 3901 1060 3988 georgius
1072 3909 1268 3968 constanter
1281 3899 1457 3968 annuatim
1470 3899 1638 3985 persolue-

284 4001 341 4068 bat
356 4001 399 4068 ad
414 4001 528 4087 plures
542 4025 651 4072 annos
665 4015 856 4074 transactos
875 4015 974 4091 prout
989 4007 1032 4074 ad
1055 4027 1193 4092 presens
1214 4003 1295 4072 lacit
1320 4005 1408 4071 Item
1429 4011 1540 4069 totum
1555 3999 1638 4068 illud

283 4115 516 4175 tenementum
532 4109 604 4176 siue
626 4119 751 4179 terram
766 4113 807 4179 de
822 4133 912 4179 nouo
935 4120 1164 4178 constructam
1181 4112 1354 4178 Iacentem
1370 4107 1405 4174 in
1419 4106 1639 4175 vniuersitate

285 4210 498 4278 abirdonensi
514 4211 602 4280 inter
623 4235 837 4282 communem
853 4215 943 4282 viam
963 4215 1090 4301 regiam
1113 4235 1155 4281 ex
1177 4213 1332 4282 orientali
1347 4235 1388 4280 ex
1402 4234 1469 4280 vna
1483 4222 1517 4278 et
1532 4221 1640 4278 terras

286 4317 327 4382 de
351 4324 491 4383 setoune
513 4339 554 4384 ex
575 4318 776 4386 occidentali
799 4320 950 4406 partibus
973 4321 1015 4388 ab
1037 4319 1143 4386 altera
1168 4327 1201 4384 et
1225 4327 1350 4384 terram
1374 4317 1544 4401 quondam
1569 4335 1639 4382 ma·

286 4419 382 4506 gistri
412 4423 474 4488 ade
503 4423 675 4508 gordoune
700 4445 818 4492 versus
843 4435 995 4492 austrum
1026 4435 1060 4492 et
1086 4443 1301 4490 communem
1326 4421 1493 4488 venellam
1523 4441 1640 4487 versus

287 4525 416 4594 beriam
439 4549 504 4612 que
526 4549 616 4596 nunc
639 4531 697 4597 dat
720 4529 895 4598 annuatim
910 4530 942 4616 vj
960 4530 1006 4599 lib
1027 4530 1061 4616 iij
1075 4552 1092 4596 s
1107 4529 1154 4616 iiij
1169 4531 1190 4597 d
1209 4538 1243 4596 et
1257 4550 1307 4594 xs
1328 4526 1464 4594 domino
1482 4524 1640 4612 episcopo

287 4631 442 4697 videlicet
472 4631 506 4698 in
537 4635 637 4700 domo
671 4634 828 4702 anteriori
859 4645 937 4702 sunt
968 4645 1111 4722 quatuor
1140 4635 1296 4702 chamere
1334 4643 1367 4698 et
1397 4653 1463 4698 vna
1501 4631 1641 4696 taberna
