4472 5992
577 661 618 714 22
1159 641 1354 730 Frognunta

577 819 619 888 de
645 817 819 904 Aberdene
845 813 955 904 gratia
984 813 1170 884 testimonii
1199 813 1277 884 huic
1307 823 1400 884 carte
1425 813 1581 890 similiter
1607 811 1731 900 apponi
1757 809 1936 898 proeoraui

579 923 658 994 Hiis
694 923 838 992 testibus
871 920 1017 992 dominis
1047 919 1222 990 Willelmo
1252 923 1293 990 de
1325 919 1427 989 Keith
1458 919 1565 988 milite
1596 917 1788 988 mariscallo
1825 914 1937 986 scocie

479 1025 484 1036 '
577 1029 759 1096 alexandro
784 1028 890 1095 iraser
916 1026 1022 1094 milite
1049 1025 1257 1094 Vicecomite
1284 1029 1326 1096 de
1352 1027 1517 1096 aberdene
1547 1025 1666 1094 thoma
1695 1043 1825 1092 mercer
1853 1031 1936 1090 tunc

578 1132 791 1202 aldirmanno
820 1133 862 1200 de
892 1134 1058 1202 aberdene
1084 1131 1259 1202 Willelmo
1285 1133 1423 1202 deleth
1450 1143 1484 1200 et
1512 1130 1656 1200 Iohanni
1684 1130 1766 1198 crab
1795 1129 1937 1214 burgen·

579 1238 673 1308 sibus
694 1229 844 1307 eiusdem
867 1237 964 1326 burgi
986 1248 1020 1307 st
1043 1237 1160 1308 multis
1181 1237 1268 1308 aliis.

1245 1557 1277 1622 Β

581 1697 785 1782 Confirmatio
807 1718 843 1762 ao
878 1741 1937 1763 ....................

577 1823 600 1868 x
621 1802 719 1870 libros
740 1800 859 1868 exista
874 1801 1016 1885 fratrum
1043 1803 1056 1865 .’
1099 1847 1937 1868 ................

666 1951 713 2034 [1]
721 1949 909 2018 ACOBUS
925 1947 979 2016 dei
994 1947 1104 2034 gratia
1121 1951 1195 2016 Rex
1211 1959 1381 2019 scotorum
1429 1997 1936 2018 ..........

580 2054 711 2126 clericis
727 2064 760 2121 et
777 2053 872 2122 laicis
888 2053 1033 2122 salutem
1050 2054 1129 2122 Scia
1154 2103 1936 2124 ...............

580 2161 694 2230 dilecti
711 2157 952 2246 consanguinei
968 2159 1075 2227 nostri
1091 2159 1256 2230 Willelmi
1272 2163 1314 2230 de
1375 2209 1936 2229 ...........

581 2267 743 2353 magistro
761 2266 907 2334 Ricardo
922 2265 1033 2334 forbes
1047 2257 1108 2334 dec
1154 2315 1881 2334 ..............
1926 2249 1937 2329 ’.

581 2370 713 2439 redditu
729 2371 846 2438 decem
863 2369 1022 2438 librarum
1044 2417 1936 2440 .................

581 2478 623 2545 de
638 2475 737 2544 terris
752 2477 793 2544 de
808 2474 921 2542 iuthes
937 2475 1001 2562 beg
1041 2490 1055 2542 ¹.
1101 2524 1110 2542 .
1156 2525 1190 2560 .,
1212 2523 1938 2544 ..............

580 2581 680 2651 terris
695 2581 794 2649 dictis
810 2579 982 2667 magistris
999 2579 1123 2666 Ricard
1156 2627 1937 2650 ...............

577 2688 733 2776 iacentes
751 2685 785 2753 in
801 2685 940 2754 baronia
956 2687 997 2754 de
1044 2734 1937 2756 .................

581 2789 682 2860 dictis
697 2791 796 2861 terris
811 2792 852 2860 de
868 2791 981 2860 iuthes
989 2841 1552 2862 ...........
1568 2871 1572 2877 ¹
1599 2839 1939 2861 .......

581 2895 644 2964 tim
660 2899 845 2966 tenendum
862 2906 895 2964 et
911 2896 1162 2984 precipiendum
1211 2947 1939 2967 ..............

582 3010 716 3070 centem
733 3001 767 3070 in
783 3001 932 3072 dominio
948 3025 1011 3071 suo
1025 3005 1068 3072 de
1100 3053 1938 3073 ................

583 3105 664 3174 dicti
683 3105 836 3194 magistri
854 3107 990 3176 Ricardi
1049 3157 1939 3179 .................

583 3207 637 3280 dei
653 3221 686 3280 et
702 3212 884 3280 conventui
899 3213 1040 3282 fratrum
1101 3263 1938 3284 ................

584 3315 655 3386 suis
669 3339 730 3406 pro
746 3318 856 3388 salute
871 3317 1061 3388 animarum
1078 3317 1163 3388 infra
1213 3371 1938 3389 ..............

583 3424 716 3494 redditu
732 3426 849 3494 decem
866 3424 1025 3494 librarum
1046 3473 1938 3494 .................

583 3529 725 3598 fratrum
741 3529 990 3616 predicatorum
1006 3531 1047 3598 de
1102 3579 1939 3600 ................

584 3631 796 3704 examinatas
810 3633 943 3703 iauores
958 3634 1009 3702 int
1048 3685 1939 3706 .................

584 3760 701 3808 earum
718 3739 870 3826 partibus
885 3749 1062 3828 suspectas
1077 3742 1119 3810 ad
1158 3789 1939 3810 ...............

584 3853 677 3913 carte
693 3843 774 3912 dicti
790 3845 956 3915 Willelmi
972 3845 1106 3934 domini·
1114 3847 1225 3916 sorbes
1268 3897 1939 3916 .............

585 3959 714 4020 cartam
730 3949 853 4019 visuris
867 3951 923 4018 uel
939 3951 1104 4021 audituris
1120 3952 1284 4022 Willelmi
1299 3953 1410 4022 forbes
1434 4003 1718 4022 ......
1752 3953 1788 4022 in
1803 3953 1941 4024 domino

584 4055 826 4144 sempiternam
843 4055 968 4124 Sciatis
983 4079 1046 4124 nos
1060 4057 1193 4126 dedisse
1208 4057 1417 4128 concessisse
1432 4069 1466 4128 et
1490 4107 1720 4126 .....
1788 4067 1940 4126 nostram

584 4159 832 4248 imperpetuum
864 4163 1082 4233 confirmasse
1112 4164 1235 4232 dilecto
1265 4165 1432 4234 avunculo
1461 4173 1578 4233 nostro
1604 4163 1767 4252 magistro
1794 4163 1941 4234 Ricardo

586 4315 595 4333 .
642 4315 651 4334 .
697 4316 706 4333 .
752 4315 761 4334 .
807 4269 935 4336 decano
958 4268 1188 4338 Aberdonensi
1210 4279 1244 4340 et
1268 4271 1339 4340 suis
1362 4269 1544 4360 assignatis
1565 4291 1669 4340 vnum
1694 4291 1845 4340 annuum
1868 4273 1940 4339 red·

585 4369 694 4438 ditum
710 4371 827 4440 decem
844 4373 1004 4442 librarum
1016 4375 1143 4444 vsualis
1159 4387 1294 4448 monete
1311 4377 1420 4464 Regni
1436 4377 1542 4448 scotie
1557 4375 1746 4464 exigentem
1762 4376 1939 4446 annuatim
2055 4403 2061 4412 ·

585 4474 767 4545 leuandum
795 4487 829 4545 et
855 4477 1107 4566 precipiendum
1134 4485 1176 4552 de
1201 4482 1300 4551 terris
1325 4482 1450 4552 nostris
1473 4485 1515 4552 de
1540 4483 1654 4552 iuthes
1678 4483 1744 4570 beg
1767 4493 1802 4552 et
1826 4483 1941 4554 futhes

586 4601 679 4650 more
708 4602 786 4652 cum
817 4583 1010 4656 molendino
1040 4585 1190 4658 eiusdem
1215 4609 1293 4658 cum
1320 4587 1536 4678 pertinenciis
1565 4599 1699 4677 propter
1728 4587 1940 4660 excambium
