4490 5990
489 679 1355 768 cmmmaammusmuasmampaas
1566 696 1608 764 75

250 855 468 946 pertinenciis
499 853 694 924 lacentibus
723 851 758 920 in
788 852 927 922 baronia
952 852 994 920 de
1019 854 1195 938 grandoun
1225 853 1312 922 inira
1334 852 1608 922 vicecomitatum

251 971 405 1028 nostrum
421 961 463 1026 de
478 959 637 1028 abirdene
659 959 740 1026 dato
755 967 789 1026 et
805 978 967 1024 concesso
990 979 1049 1042 per
1066 958 1194 1026 dictum
1210 959 1438 1026 Alexandrum
1462 957 1610 1026 menzeis

251 1065 286 1132 in
310 1086 429 1152 puram
454 1073 488 1130 et
513 1073 710 1150 perpetuam
732 1061 944 1130 elimosinam
969 1062 1004 1130 in
1027 1063 1345 1148 augmentacionem
1367 1063 1473 1132 diuini
1498 1063 1610 1132 cultus

251 1171 301 1236 Ac
323 1169 359 1236 in
382 1169 517 1236 laudem
540 1177 574 1236 et
597 1167 759 1234 honorem
782 1165 836 1234 dei
858 1168 1102 1254 omnipotentis
1121 1167 1325 1236 Beatissimo
1343 1167 1483 1254 virginis
1505 1167 1610 1236 marie

253 1276 427 1342 beatorum
448 1273 617 1358 Nicholaij
634 1283 669 1341 et
685 1272 876 1358 Sebastianj
897 1283 931 1340 et
947 1273 1098 1340 omnium
1118 1285 1312 1342 sanctorum
1332 1275 1517 1362 Capeliano
1540 1295 1611 1359 per-

253 1387 356 1464 petuo
377 1377 495 1446 altaris
513 1377 624 1444 sancti
644 1377 829 1447 sebastiani
850 1377 936 1446 inira
956 1377 1135 1450 ecclesiam
1151 1377 1378 1464 parochialem
1394 1380 1436 1465 de
1454 1377 1612 1448 abirdene

252 1505 313 1570 pro
336 1491 453 1550 nostra
475 1481 697 1570 prosperitate
717 1491 751 1549 et
771 1482 881 1550 salute
904 1481 1017 1550 anime
1039 1491 1153 1550 nostre
1169 1492 1203 1552 et
1222 1483 1411 1552 animarum
1433 1491 1611 1570 parentum

253 1596 445 1656 nostrorum
458 1607 600 1672 quorum
616 1585 794 1654 animabus
809 1585 1013 1673 propicietur
1027 1589 1110 1657 deus
1121 1597 1156 1656 et
1171 1587 1362 1658 animarum
1378 1607 1611 1656 successorum

253 1701 445 1759 nostrorum
470 1693 612 1760 Necnon
629 1711 689 1778 pro
704 1691 815 1760 salute
838 1691 981 1760 aliarum
1002 1692 1192 1762 animarum
1209 1693 1350 1762 indicta
1368 1703 1464 1768 carta
1482 1691 1610 1779 specifi-

253 1807 407 1866 catarum
430 1796 546 1866 diuina
560 1795 595 1864 in
610 1805 810 1884 perpetuum
826 1797 1035 1866 celebraturo
1051 1800 1097 1866 Et
1119 1801 1162 1868 ad
1183 1801 1441 1868 sustentandam
1462 1819 1522 1884 pro
1540 1819 1612 1886 per·

254 1911 357 1988 petuo
373 1901 565 1988 lampadem
580 1901 654 1968 oleo
670 1904 845 1970 ardentem
861 1923 975 1972 coram
992 1913 1204 1970 sacramento
1220 1905 1311 1988 apud
1329 1924 1491 1988 magnum
1507 1901 1613 1968 altare

255 2007 344 2074 dicte
365 2007 507 2074 ecclesie
527 2008 713 2074 secundum
734 2017 886 2074 tenorem
905 2008 994 2076 dicte
1013 2018 1105 2076 carte
1124 2030 1183 2096 per
1201 2009 1368 2093 prelatum
1384 2007 1613 2075 Alexandrum

256 2113 404 2180 menzeis
440 2115 584 2198 desuper
617 2113 769 2180 conlecte
804 2114 951 2182 litteram
985 2137 1064 2181 vero
1097 2137 1156 2200 per
1191 2115 1358 2202 prefatum
1394 2113 1614 2182 alexandrum

255 2219 414 2285 comitem
435 2217 602 2286 buchanie
622 2219 782 2286 baronem
798 2219 839 2286 de
854 2219 1030 2303 grandoun
1045 2221 1087 2286 de
1102 2219 1210 2306 ipsius
1231 2241 1400 2291 consensu
1420 2229 1454 2286 et
1472 2237 1614 2286 assensu

255 2323 346 2390 dicto
369 2323 552 2390 alexandro
578 2322 727 2390 menzeis
750 2323 841 2391 datis
866 2333 900 2390 et
926 2324 1088 2392 exhibitis
1109 2327 1153 2394 ad
1176 2325 1416 2406 infeodandum
1440 2333 1474 2390 et
1497 2343 1615 2390 conce·

256 2431 403 2498 dendum
424 2429 552 2498 dictum
571 2449 723 2498 annuum
745 2429 912 2498 redditum
931 2431 974 2496 ad
993 2430 1150 2498 effectum
1172 2429 1444 2516 prenominatum
1461 2429 1504 2500 de
1522 2447 1615 2496 man-

256 2536 336 2602 dato
352 2543 468 2600 nostro
479 2533 571 2600 visas
583 2533 690 2602 lectas
706 2532 877 2620 inspectas
888 2543 921 2600 et
934 2533 1111 2620 diligenter
1126 2534 1338 2602 examinatas
1353 2555 1455 2602 sanas
1467 2533 1617 2618 integras

256 2657 325 2706 non
339 2658 435 2706 rasas
450 2657 517 2706 non
534 2638 741 2706 cancellatas
759 2659 821 2706 nec
838 2638 873 2706 in
889 2637 1057 2723 aliquibus
1075 2661 1192 2706 earum
1208 2639 1361 2725 partibus
1379 2645 1556 2724 suspectas
1574 2636 1616 2702 ad

257 2743 394 2828 plenum
414 2741 619 2808 intellexisse
638 2743 701 2810 sub
719 2741 785 2810 hiis
800 2743 917 2810 formis
934 2744 1155 2812 OMNIBUS
1173 2743 1262 2810 hanc
1281 2751 1411 2810 cartam
1427 2740 1549 2808 visuris
1563 2739 1616 2808 vel

257 2847 423 2918 audituris
439 2847 630 2916 Alexander
647 2848 795 2916 menaeis
816 2848 1007 2934 prepositus
1027 2849 1123 2934 burgi
1140 2849 1181 2916 de
1202 2847 1340 2916 abirden
1359 2845 1504 2917 salutem
1523 2844 1557 2912 in
1576 2866 1617 2912 eo

257 2953 314 3038 qui
334 2961 386 3018 est
407 2951 559 3020 omnium
579 2973 658 3020 vera
680 2953 774 3020 salus
795 2954 883 3020 Cum
903 2952 1109 3040 mortalibus
1118 2961 1226 3020 morte
1242 2949 1346 3029 nichil
1368 2948 1498 3020 cercius
1518 2958 1552 3018 et
1573 2951 1615 3018 ad

258 3077 479 3144 supernorum
496 3061 593 3126 sedes
609 3057 730 3128 merita
748 3057 822 3126 sola
844 3068 1031 3162 conppcant
1057 3061 1252 3126 Memorans
1267 3057 1301 3149 in
1317 3055 1470 3124 districto
1487 3054 1616 3126 Iudicio

257 3165 346 3232 hona
368 3183 470 3247 opera
485 3183 544 3248 per
561 3163 694 3230 Iustum
712 3163 863 3232 Iudicem
882 3164 1089 3232 remunerari
1106 3162 1279 3230 Noueritis
1299 3183 1378 3231 curn
1396 3181 1564 3230 consensu
1583 3169 1616 3228 et

257 3289 400 3338 assensu
417 3267 599 3336 Alexandri
623 3268 767 3336 Comitis
789 3269 957 3338 buchanie
978 3269 1105 3341 domini
1119 3268 1193 3354 ¹mei
1216 3265 1397 3354 superioris
1419 3263 1555 3334 baronis
1574 3265 1616 3330 de

256 3375 432 3462 graudoun
454 3375 498 3442 ad
521 3374 683 3442 honorem
702 3373 756 3442 dei
779 3374 1021 3462 omnipotentis
1044 3375 1245 3460 laudemque
1268 3372 1459 3440 intirncrate
1476 3369 1616 3456 virginis

257 3479 331 3548 eius
353 3479 473 3546 matris
495 3479 680 3566 beatissimj
698 3477 899 3548 confessoris
921 3479 1080 3566 nicholaij
1101 3479 1238 3566 gloriosi
1261 3476 1410 3546 martiris
1432 3475 1615 3546 sebastiani

257 3584 475 3668 omniumque
491 3593 686 3652 sanctorum
697 3583 751 3654 dei
763 3585 797 3652 in
811 3587 956 3656 salutern
968 3585 1158 3654 animarum
1170 3581 1442 3668 excellentissimj
1455 3581 1616 3668 principis

259 3689 373 3758 Iacobi
389 3699 559 3758 scotorum
573 3689 679 3776 Regis
689 3691 784 3778 tercij
803 3692 1027 3778 Illustrissimj
1048 3694 1238 3778 Margarete
1252 3689 1366 3776 regine
1378 3687 1452 3756 eius
1462 3686 1616 3773 coniugis

259 3793 546 3879 Inuictissimique
569 3793 730 3882 principis
750 3795 865 3865 Iacobi
888 3796 1000 3882 quarti
1015 3797 1068 3864 sui
1084 3796 1143 3882 filij
1160 3805 1331 3862 scotorum
1354 3791 1444 3880 regis
1463 3789 1613 3886 moderni

259 3901 450 3985 Margarete
465 3899 579 3985 regine
592 3921 651 3968 sue
666 3900 820 3987 coniugis
834 3921 1038 3988 suorumque
1052 3903 1325 3988 predecessorum
1337 3909 1371 3966 et
1383 3919 1615 3966 successorum

257 4003 448 4089 Animaque
470 4025 531 4090 pro
555 4005 744 4074 Reuerendi
766 4005 802 4072 in
821 4005 948 4077 christo
966 4006 1073 4092 patris
1087 4004 1254 4074 Willelmi
1275 4003 1436 4090 Episcopi
1450 4002 1613 4072 Abirdon·

258 4108 351 4176 ensis
364 4131 404 4177 ac
420 4131 481 4194 pro
501 4110 611 4178 salute
627 4110 739 4180 anime
761 4133 836 4180 mee
851 4123 885 4180 et
900 4112 1091 4180 animarum
1106 4113 1239 4178 Andree
1257 4110 1405 4178 menaeis
1419 4109 1525 4196 patris
1548 4108 1613 4179 mei

260 4213 404 4282 Mariote
426 4213 609 4284 arbuthnot
632 4215 753 4284 matris
770 4239 843 4284 mee
863 4217 1042 4286 Elisabeth
1057 4217 1152 4286 leslie
1167 4216 1279 4283 vxoris
1301 4237 1375 4282 mee
1397 4214 1614 4298 omniumque

258 4318 400 4386 fratrum
434 4339 586 4388 sororum
621 4321 805 4390 Parentum
836 4331 870 4390 et
900 4323 1086 4392 amicorum
1117 4343 1268 4390 meorum
1300 4331 1333 4390 et
1364 4320 1614 4388 benefactorum

258 4421 478 4508 omniumque
500 4423 650 4496 fidelium
673 4427 906 4496 detunctorum
922 4438 956 4496 et
977 4427 1173 4525 specialiter¹
1189 4449 1249 4513 pro
1272 4425 1450 4494 animabus
1472 4445 1614 4510 quorum

259 4529 348 4596 bona
363 4527 585 4612 quouismodo
605 4529 640 4598 in
659 4529 758 4600 terris
778 4532 910 4620 percepi
926 4534 1053 4620 absque
1073 4531 1291 4600 restitucione
1305 4539 1365 4598 aut
1380 4549 1613 4616 recompensa-

259 4631 355 4702 cione
372 4631 516 4700 Dedisse
527 4633 735 4704 concessisse
747 4647 780 4706 et
793 4637 858 4706 hac
870 4637 1017 4726 presenti
1029 4649 1125 4708 carta
1136 4659 1212 4704 mea
1223 4637 1257 4704 in
1269 4657 1388 4724 puram
1401 4635 1613 4706 elimosinam
1634 4651 1679 4706 tot.
1690 4653 1740 4708 8⁰¹
