4490 5990
622 685 685 754 114
1013 671 1175 742 Fundatio
1195 671 1348 740 Iohannis
1369 671 1406 738 cle
1427 669 1592 758 Kingorm

620 865 661 910 ex
684 851 780 928 parte
802 844 929 930 borealj
953 853 987 913 et
1010 853 1135 914 terram
1150 845 1229 912 ville
1252 846 1294 913 de
1315 843 1498 912 freirtoune
1519 863 1561 910 ex
1582 851 1679 930 parte
1701 841 1842 910 australi
1865 850 1899 909 et
1922 861 1982 908 sex

621 944 747 1012 solidos
762 955 795 1012 et
810 955 889 1014 octo
904 947 1059 1014 denarios
1074 950 1116 1015 de
1126 969 1193 1016 vna
1208 957 1299 1015 terra
1315 949 1453 1014 lacente
1468 948 1531 1014 sub
1546 955 1662 1012 monte
1678 945 1787 1013 sancti
1803 943 1981 1012 katharina

621 1057 773 1132 exparte
795 1047 997 1118 occidentali
1018 1051 1169 1119 eiusdem
1192 1049 1319 1117 montis
1334 1071 1375 1116 ex
1390 1057 1486 1135 parte
1500 1069 1568 1116 vna
1583 1048 1618 1114 in
1634 1069 1701 1134 qua
1723 1056 1814 1114 terra
1829 1067 1870 1114 ex
1885 1055 1982 1132 parte

621 1147 776 1236 orientali
791 1151 922 1220 ‘existat
945 1152 1099 1221 clibanus
1115 1162 1148 1222 et
1165 1173 1344 1221 commune
1359 1152 1479 1219 venale
1494 1173 1535 1220 ex
1550 1159 1646 1238 parte
1668 1149 1869 1235 occidentalj
1894 1148 1983 1215 inter

621 1262 747 1322 terram
771 1254 935 1322 ihoannis
957 1255 1095 1324 cristine
1117 1277 1158 1324 ex
1180 1266 1276 1342 parte
1300 1254 1440 1323 australi
1455 1263 1489 1322 et
1505 1275 1546 1321 ex
1566 1263 1662 1340 perte
1684 1253 1792 1322 altera
1806 1261 1841 1319 et
1856 1261 1981 1319 terram

621 1355 749 1442 domini
768 1357 927 1444 Hugonis
942 1359 984 1426 de
998 1359 1096 1426 vellis
1111 1379 1152 1426 ex
1163 1367 1259 1445 parte
1275 1359 1400 1427 boreali
1415 1357 1655 1444 quamquidem
1671 1364 1796 1424 terram
1810 1355 1983 1422 Ihoannes

622 1457 713 1525 filius
735 1457 852 1528 thome
874 1461 960 1528 lenit
983 1461 1025 1528 de
1047 1483 1102 1528 me
1124 1461 1159 1528 in
1181 1460 1279 1528 leodo
1301 1469 1335 1528 et
1362 1459 1550 1527 hereditate
1571 1467 1606 1526 et
1628 1467 1775 1544 quatuor
1800 1457 1927 1524 solidos
1948 1467 1983 1524 et

623 1569 770 1646 quatuor
784 1561 941 1630 decanos
956 1565 997 1630 de
1011 1585 1079 1631 vna
1098 1572 1189 1631 terra
1208 1565 1346 1632 lacente
1361 1583 1403 1629 ex
1417 1571 1513 1650 parte
1534 1559 1736 1630 occidentali
1756 1559 1839 1628 dicti
1853 1559 1985 1628 venalis

622 1661 721 1749 quasi
747 1661 783 1730 in
808 1664 964 1751 opposito
990 1665 1080 1734 dicte
1103 1674 1191 1733 terre
1213 1676 1247 1733 et
1269 1665 1429 1732 torrentis
1455 1663 1664 1733 decurrentis
1685 1661 1921 1732 molendinarii
1943 1683 1985 1729 ex

623 1775 720 1852 parte
735 1766 936 1836 occidentali
952 1767 1192 1855 quamquidem
1214 1779 1340 1836 terram
1357 1769 1530 1834 Iohannes
1544 1766 1656 1835 dictus
1676 1765 1819 1834 clericus
1833 1775 1927 1833 tenet
1943 1767 1985 1834 de

623 1889 680 1936 me
701 1869 737 1936 in
751 1869 849 1939 feodo
864 1879 898 1938 et
914 1870 1102 1939 hereditate
1124 1871 1213 1938 inter
1233 1879 1359 1938 terram
1377 1869 1541 1937 Iohannis
1561 1870 1639 1938 club
1661 1868 1817 1936 tinctoris
1832 1889 1873 1936 ex
1888 1878 1985 1954 parte

622 1970 763 2040 australi
786 1993 827 2040 ex
849 1983 945 2059 parte
959 1994 1026 2041 vna
1049 1983 1083 2041 et
1097 1994 1200 2042 unam
1216 1974 1335 2041 rudarn
1351 1981 1438 2040 terre
1458 1979 1625 2039 assertam
1648 1963 1730 2038 olim
1753 1980 1871 2038 sancte
1894 1990 1983 2037 anne

623 2084 783 2160 exparte
806 2075 931 2144 boreali
953 2097 995 2142 ex
1017 2085 1113 2163 parte
1135 2077 1242 2144 altera
1264 2077 1449 2143 tenendum
1472 2075 1665 2142 habendum
1688 2073 1780 2141 dicto
1801 2072 1927 2140 vicario
1950 2081 1984 2140 et

624 2175 697 2244 suis
719 2177 970 2246 successoribus
992 2187 1026 2246 et
1048 2179 1234 2265 capellanis
1259 2177 1378 2246 electis
1403 2176 1647 2263 pervicacium
1674 2185 1708 2242 et
1733 2175 1984 2261 capellanorum

625 2289 743 2347 sancte
776 2281 887 2348 crucis
920 2290 1037 2349 sancte
1071 2281 1176 2348 marie
1209 2290 1244 2348 et
1275 2279 1385 2348 sancti
1417 2277 1595 2346 michaelis
1624 2277 1765 2364 triginta
1799 2276 1986 2344 numeratis

625 2381 698 2450 siue
724 2381 782 2468 qui
809 2403 869 2468 pro
890 2392 1044 2468 ternpore
1065 2383 1190 2450 luerint
1210 2403 1288 2450 cunr
1315 2381 1473 2448 omnibus
1495 2380 1708 2448 libertatibus
1730 2389 1765 2447 et
1789 2379 1894 2448 lustis
1914 2399 1987 2464 per·

625 2483 783 2552 tinenciis
806 2484 1061 2572 quibuscunque
1082 2487 1290 2553 reddendum
1313 2484 1391 2552 inde
1414 2483 1591 2551 annuatim
1616 2483 1753 2551 domino
1776 2491 1892 2550 nostro
1915 2481 1985 2568 regj

626 2585 807 2654 seruicium
830 2588 981 2656 debitum
1004 2597 1038 2656 et
1060 2597 1261 2656 consuetum
1283 2597 1316 2654 et
1337 2589 1580 2654 reseruandum
1601 2585 1704 2652 michi
1721 2585 1853 2653 cunctis
1868 2584 1987 2652 diebus

625 2689 695 2758 vite
725 2711 799 2758 mee
828 2690 970 2758 liberum
1000 2699 1232 2758 tenementum
1259 2690 1380 2758 harum
1407 2699 1572 2756 terrarum
1599 2709 1677 2756 cum
1707 2687 1925 2774 pertinenciis
1950 2695 1988 2754 ut

627 2791 835 2861 dictumest
864 2793 1091 2879 quodquidem
1122 2793 1264 2860 liberum
1294 2801 1527 2860 tenementum
1558 2801 1634 2878 post
1665 2793 1842 2858 decessum
1873 2811 1986 2857 meum

628 2915 711 2980 pure
740 2903 774 2962 et
805 2895 961 2962 similiter
986 2897 1030 2963 do
1059 2905 1093 2963 et
1124 2896 1200 2981 lego
1230 2894 1478 2981 imperpetuum
1504 2893 1630 2961 vicario
1660 2903 1694 2961 et
1718 2893 1790 2961 suis
1815 2913 1988 2961 successo·

627 2997 721 3065 ribus
736 3005 774 3064 ut
797 2997 926 3065 dictum
949 3007 1000 3066 est
1023 3006 1057 3064 et
1080 2997 1266 3084 capellanis
1288 2997 1496 3083 temporibus
1516 2995 1764 3064 celebrantibus
1786 2995 1822 3062 in
1844 2995 1988 3063 ecclesia

629 3099 815 3185 parochiali
830 3099 939 3168 sancti
955 3099 1103 3168 nicholai
1118 3100 1296 3168 annuatim
1312 3109 1472 3186 perpetue
1484 3098 1703 3167 celebraturis
1713 3120 1818 3167 vnum
1834 3098 1987 3166 anniuer-

630 3202 756 3270 sarium
772 3223 833 3288 pro
848 3201 963 3270 anima
983 3211 1109 3270 meast
1125 3203 1304 3270 animabus
1318 3201 1353 3268 in
1368 3201 1563 3288 purgatorio
1581 3201 1815 3269 exercentibus
1838 3201 1900 3268 sub
1923 3201 1987 3268 hac

628 3305 738 3372 forma
756 3303 912 3374 videlicet
928 3304 963 3372 in
979 3305 1033 3372 die
1048 3305 1158 3390 sabatj
1176 3314 1253 3391 post
1274 3303 1399 3371 festum
1415 3303 1564 3390 corporis
1587 3301 1704 3370 christi
1720 3301 1879 3388 exequias
1902 3323 1988 3369 mor·

629 3417 766 3475 tuorum
789 3407 918 3475 scilicet
941 3407 1081 3492 placebo
1096 3417 1130 3474 et
1146 3405 1251 3493 dirige
1273 3427 1351 3474 cum
1374 3427 1509 3473 nouena
1524 3405 1558 3472 in
1574 3405 1717 3473 ecclesia
1740 3403 1925 3492 parochiali
1948 3404 1989 3472 de
2032 3439 2036 3446 ·

631 3511 797 3578 aberdene
813 3519 847 3576 et
862 3509 897 3576 in
913 3509 966 3576 die
982 3509 1152 3578 dominica
1164 3509 1314 3595 proxime
1327 3518 1489 3595 sequente
1501 3507 1609 3576 oratio
1621 3511 1664 3575 ad
1676 3529 1836 3595 magnam
1849 3507 1989 3574 missam

631 3613 691 3680 fiat
707 3611 755 3680 ita
770 3613 859 3698 quod
876 3611 981 3680 missa
996 3611 1209 3680 dominicalis
1224 3633 1292 3678 non
1308 3612 1511 3697 impediatur
1526 3621 1559 3678 et
1575 3611 1610 3677 in
1626 3611 1680 3678 die
1698 3611 1777 3679 lune
1792 3610 1827 3678 in
1843 3611 1990 3680 crestino

631 3735 736 3780 vnum
762 3713 935 3800 trigintale
961 3713 1142 3782 missarum
1173 3713 1451 3782 celibraturarum
1481 3735 1559 3781 cum
1589 3712 1729 3800 triginta
1759 3713 1991 3782 sacerdotibus

632 3815 750 3884 electis
772 3826 810 3884 ut
833 3837 936 3903 supra
958 3815 1015 3902 qui
1038 3815 1152 3903 sepius
1167 3826 1200 3883 et
1215 3815 1428 3902 frequencius
1443 3816 1478 3882 in
1494 3815 1613 3884 babitu
1636 3838 1697 3883 suo
1713 3815 1747 3882 in
1764 3817 1867 3884 choro
1889 3817 1991 3884 horas

633 3917 816 3987 canonicas
838 3917 994 3986 intersint
1015 3919 1044 3985 si
1065 3919 1151 4005 tantj
1176 3918 1299 3986 luerint
1323 3917 1492 3986 sinautem
1515 3919 1728 4004 presentibus
1751 3919 1992 3986 celibrantibus
2063 3983 2066 3989 ,

633 4019 831 4108 obsequium
854 4029 1070 4108 prenotatam
1085 4022 1163 4089 volo
1185 4031 1301 4090 tamen
1317 4023 1406 4107 quod
1420 4020 1568 4089 vicarius
1589 4021 1714 4089 habeat
1733 4022 1901 4107 duplicem
1918 4043 1992 4108 por·

633 4123 766 4192 cionem
789 4143 848 4210 pre
870 4123 946 4190 aliis
969 4125 1233 4210 computandam
1258 4125 1318 4191 Set
1334 4121 1363 4190 si
1381 4123 1557 4210 contingat
1580 4125 1669 4210 quod
1691 4123 1836 4192 vicarius
1851 4124 1904 4192 vel
1921 4125 1992 4210 qui·

634 4247 767 4312 cunque
793 4224 990 4311 capellanus
1016 4225 1177 4312 obliuioni
1205 4225 1409 4312 negligentie
1435 4247 1496 4294 seu
1522 4225 1660 4312 pigricie
1687 4249 1747 4294 seu
1773 4227 1886 4314 aliquo
1910 4249 1992 4294 casu

634 4329 744 4396 dictas
759 4326 918 4413 exequias
933 4327 968 4394 in
983 4329 1091 4396 forma
1107 4329 1281 4414 prelocuta
1296 4351 1364 4396 non
1384 4329 1604 4398 celebrauerit
1620 4329 1697 4396 volo
1712 4332 1802 4416 quod
1825 4329 1992 4418 capellani

635 4441 752 4496 sancte
768 4429 878 4496 crucis
893 4439 1010 4496 sancte
1027 4430 1132 4498 marie
1147 4439 1181 4497 et
1196 4431 1288 4500 beati
1304 4429 1480 4498 michaelis
1500 4453 1540 4498 eo
1561 4452 1651 4499 anno
1667 4431 1860 4517 porcionem
1876 4454 1992 4500 eorum

636 4531 822 4618 percipiant
839 4531 896 4619 qui
911 4531 1093 4620 disponant
1114 4535 1257 4600 eandem
1274 4531 1467 4620 porcionem
1483 4531 1785 4622 proporcionaliter
1799 4533 1887 4602 inter
1901 4533 1994 4622 ipsos
