<?xml version="1.0" encoding="UTF-8"?>
<!DOCTYPE html PUBLIC "-//W3C//DTD XHTML 1.0 Transitional//EN"
    "http://www.w3.org/TR/xhtml1/DTD/xhtml1-transitional.dtd">
<html xmlns="http://www.w3.org/1999/xhtml" xml:lang="en" lang="en">
 <head>
  <title>
</title>
<meta http-equiv="Content-Type" content="text/html;charset=utf-8" />
  <meta name='ocr-system' content='tesseract 3.04.00' />
  <meta name='ocr-capabilities' content='ocr_page ocr_carea ocr_par ocr_line ocrx_word'/>
</head>
<body>
  <div class='ocr_page' id='page_1' title='image "./cartulariumeccl00logagoog_0080.png"; bbox 0 0 4472 5992; ppageno 0'>
   <div class='ocr_carea' id='block_1_1' title="bbox 614 663 1632 752">
    <p class='ocr_par' dir='ltr' id='par_1_1' title="bbox 614 663 1632 752">
     <span class='ocr_line' id='line_1_1' title="bbox 614 663 1632 752; baseline -0.008 -16"><span class='ocrx_word' id='word_1_1' title='bbox 614 685 654 752; x_wconf 85' lang='lat'>52</span> <span class='ocrx_word' id='word_1_2' title='bbox 953 667 1054 734; x_wconf 79' lang='lat' dir='ltr'>Carta</span> <span class='ocrx_word' id='word_1_3' title='bbox 1076 664 1190 732; x_wconf 79' lang='lat' dir='ltr'>Tlrome</span> <span class='ocrx_word' id='word_1_4' title='bbox 1211 663 1249 730; x_wconf 79' lang='lat' dir='ltr'>de</span> <span class='ocrx_word' id='word_1_5' title='bbox 1271 665 1407 730; x_wconf 78' lang='lat' dir='ltr'>Canum</span> <span class='ocrx_word' id='word_1_6' title='bbox 1427 663 1465 728; x_wconf 79' lang='lat' dir='ltr'>de</span> <span class='ocrx_word' id='word_1_7' title='bbox 1486 663 1632 728; x_wconf 78' lang='lat' dir='ltr'>murthile</span> 
     </span>
    </p>
   </div>
   <div class='ocr_carea' id='block_1_2' title="bbox 612 835 1977 1460">
    <p class='ocr_par' dir='ltr' id='par_1_2' title="bbox 612 835 1977 1460">
     <span class='ocr_line' id='line_1_2' title="bbox 702 835 1977 921; baseline -0.002 -14"><span class='ocrx_word' id='word_1_8' title='bbox 702 843 789 908; x_wconf 86' lang='lat' dir='ltr'><strong>Item</strong></span> <span class='ocrx_word' id='word_1_9' title='bbox 816 861 874 906; x_wconf 87' lang='lat' dir='ltr'>sex</span> <span class='ocrx_word' id='word_1_10' title='bbox 898 839 1024 906; x_wconf 90' lang='lat' dir='ltr'>solidos</span> <span class='ocrx_word' id='word_1_11' title='bbox 1053 840 1095 906; x_wconf 89' lang='lat' dir='ltr'>de</span> <span class='ocrx_word' id='word_1_12' title='bbox 1123 847 1213 904; x_wconf 89' lang='lat' dir='ltr'>terra</span> <span class='ocrx_word' id='word_1_13' title='bbox 1242 835 1364 920; x_wconf 89' lang='lat' dir='ltr'>robertj</span> <span class='ocrx_word' id='word_1_14' title='bbox 1397 835 1561 921; x_wconf 90' lang='lat' dir='ltr'>kennerty</span> <span class='ocrx_word' id='word_1_15' title='bbox 1584 837 1722 904; x_wconf 89' lang='lat' dir='ltr'>Iacente</span> <span class='ocrx_word' id='word_1_16' title='bbox 1752 835 1787 902; x_wconf 91' lang='lat' dir='ltr'>in</span> <span class='ocrx_word' id='word_1_17' title='bbox 1822 835 1977 904; x_wconf 81' lang='lat' dir='ltr'>inferiore</span> 
     </span>
     <span class='ocr_line' id='line_1_3' title="bbox 612 941 1974 1027; baseline -0.002 -15"><span class='ocrx_word' id='word_1_18' title='bbox 612 945 687 1012; x_wconf 90' lang='lat' dir='ltr'>vico</span> <span class='ocrx_word' id='word_1_19' title='bbox 716 943 857 1012; x_wconf 85' lang='lat' dir='ltr'>ecclesie</span> <span class='ocrx_word' id='word_1_20' title='bbox 887 967 927 1010; x_wconf 88' lang='lat' dir='ltr'>ex</span> <span class='ocrx_word' id='word_1_21' title='bbox 957 942 1074 1010; x_wconf 90' lang='lat' dir='ltr'>boriali</span> <span class='ocrx_word' id='word_1_22' title='bbox 1101 951 1196 1027; x_wconf 86' lang='lat' dir='ltr'>parte</span> <span class='ocrx_word' id='word_1_23' title='bbox 1221 941 1372 1008; x_wconf 88' lang='lat' dir='ltr'>eiusdem</span> <span class='ocrx_word' id='word_1_24' title='bbox 1397 941 1485 1008; x_wconf 87' lang='lat' dir='ltr'>inter</span> <span class='ocrx_word' id='word_1_25' title='bbox 1509 950 1638 1024; x_wconf 82' lang='lat' dir='ltr'>terram</span> <span class='ocrx_word' id='word_1_26' title='bbox 1657 943 1828 1026; x_wconf 86' lang='lat' dir='ltr'>quondam</span> <span class='ocrx_word' id='word_1_27' title='bbox 1861 942 1974 1026; x_wconf 86' lang='lat' dir='ltr'>Iacobj</span> 
     </span>
     <span class='ocr_line' id='line_1_4' title="bbox 613 1047 1974 1136; baseline -0.004 -18"><span class='ocrx_word' id='word_1_28' title='bbox 613 1053 777 1136; x_wconf 89' lang='lat' dir='ltr'>kennerty</span> <span class='ocrx_word' id='word_1_29' title='bbox 799 1072 840 1116; x_wconf 86' lang='lat' dir='ltr'>ex</span> <span class='ocrx_word' id='word_1_30' title='bbox 865 1047 1065 1118; x_wconf 87' lang='lat' dir='ltr'>occidentali</span> <span class='ocrx_word' id='word_1_31' title='bbox 1089 1057 1185 1134; x_wconf 88' lang='lat' dir='ltr'>parte</span> <span class='ocrx_word' id='word_1_32' title='bbox 1208 1057 1241 1114; x_wconf 91' lang='lat' dir='ltr'>et</span> <span class='ocrx_word' id='word_1_33' title='bbox 1264 1057 1388 1114; x_wconf 91' lang='lat' dir='ltr'>terram</span> <span class='ocrx_word' id='word_1_34' title='bbox 1412 1049 1536 1114; x_wconf 80' lang='lat' dir='ltr'>andree</span> <span class='ocrx_word' id='word_1_35' title='bbox 1563 1049 1701 1114; x_wconf 80' lang='lat' dir='ltr'><strong>Straton</strong></span> <span class='ocrx_word' id='word_1_36' title='bbox 1723 1068 1841 1114; x_wconf 79' lang='lat' dir='ltr'>versus</span> <span class='ocrx_word' id='word_1_37' title='bbox 1863 1047 1974 1113; x_wconf 71' lang='lat' dir='ltr'>oriens</span> 
     </span>
     <span class='ocr_line' id='line_1_5' title="bbox 615 1151 1974 1243; baseline -0.005 -19"><span class='ocrx_word' id='word_1_38' title='bbox 615 1155 723 1243; x_wconf 86' lang='lat' dir='ltr'>Regia</span> <span class='ocrx_word' id='word_1_39' title='bbox 733 1157 788 1228; x_wconf 87' lang='lat' dir='ltr'>via</span> <span class='ocrx_word' id='word_1_40' title='bbox 799 1177 917 1236; x_wconf 79' lang='lat' dir='ltr'>versus</span> <span class='ocrx_word' id='word_1_41' title='bbox 931 1164 1084 1224; x_wconf 80' lang='lat' dir='ltr'>austrum</span> <span class='ocrx_word' id='word_1_42' title='bbox 1101 1175 1179 1222; x_wconf 89' lang='lat' dir='ltr'>cum</span> <span class='ocrx_word' id='word_1_43' title='bbox 1194 1151 1305 1220; x_wconf 91' lang='lat' dir='ltr'>ortulo</span> <span class='ocrx_word' id='word_1_44' title='bbox 1321 1153 1458 1220; x_wconf 88' lang='lat' dir='ltr'>boream</span> <span class='ocrx_word' id='word_1_45' title='bbox 1472 1173 1591 1220; x_wconf 89' lang='lat' dir='ltr'>versus</span> <span class='ocrx_word' id='word_1_46' title='bbox 1608 1155 1715 1220; x_wconf 83' lang='lat' dir='ltr'>Istam</span> <span class='ocrx_word' id='word_1_47' title='bbox 1730 1161 1856 1219; x_wconf 88' lang='lat' dir='ltr'>terram</span> <span class='ocrx_word' id='word_1_48' title='bbox 1872 1151 1974 1218; x_wconf 84' lang='lat' dir='ltr'>habet</span> 
     </span>
     <span class='ocr_line' id='line_1_6' title="bbox 614 1259 1974 1350; baseline -0.007 -18"><span class='ocrx_word' id='word_1_49' title='bbox 614 1285 654 1332; x_wconf 88' lang='lat' dir='ltr'>ex</span> <span class='ocrx_word' id='word_1_50' title='bbox 678 1263 840 1350; x_wconf 84' lang='lat' dir='ltr'>magistro</span> <span class='ocrx_word' id='word_1_51' title='bbox 862 1261 965 1330; x_wconf 89' lang='lat' dir='ltr'>dauid</span> <span class='ocrx_word' id='word_1_52' title='bbox 988 1283 1125 1328; x_wconf 87' lang='lat' dir='ltr'>menzes</span> <span class='ocrx_word' id='word_1_53' title='bbox 1150 1269 1232 1328; x_wconf 91' lang='lat' dir='ltr'>tunc</span> <span class='ocrx_word' id='word_1_54' title='bbox 1258 1259 1434 1344; x_wconf 87' lang='lat' dir='ltr'>capellano</span> <span class='ocrx_word' id='word_1_55' title='bbox 1461 1281 1538 1326; x_wconf 88' lang='lat' dir='ltr'>cum</span> <span class='ocrx_word' id='word_1_56' title='bbox 1563 1269 1782 1344; x_wconf 88' lang='lat' dir='ltr'>patronorum</span> <span class='ocrx_word' id='word_1_57' title='bbox 1807 1277 1974 1326; x_wconf 87' lang='lat' dir='ltr'>consensu</span> 
     </span>
     <span class='ocr_line' id='line_1_7' title="bbox 614 1363 1894 1460; baseline -0.005 -24"><span class='ocrx_word' id='word_1_58' title='bbox 614 1379 714 1460; x_wconf 81' lang='lat' dir='ltr'>prout</span> <span class='ocrx_word' id='word_1_59' title='bbox 730 1391 790 1438; x_wconf 91' lang='lat' dir='ltr'>sue</span> <span class='ocrx_word' id='word_1_60' title='bbox 805 1367 978 1438; x_wconf 90' lang='lat' dir='ltr'>euidencie</span> <span class='ocrx_word' id='word_1_61' title='bbox 993 1368 1137 1455; x_wconf 80' lang='lat' dir='ltr'>desuper</span> <span class='ocrx_word' id='word_1_62' title='bbox 1152 1365 1304 1434; x_wconf 79' lang='lat' dir='ltr'>contente</span> <span class='ocrx_word' id='word_1_63' title='bbox 1319 1365 1382 1432; x_wconf 90' lang='lat' dir='ltr'>sub</span> <span class='ocrx_word' id='word_1_64' title='bbox 1397 1363 1569 1432; x_wconf 90' lang='lat' dir='ltr'>communi</span> <span class='ocrx_word' id='word_1_65' title='bbox 1585 1363 1696 1450; x_wconf 85' lang='lat' dir='ltr'>sigillo</span> <span class='ocrx_word' id='word_1_66' title='bbox 1710 1365 1894 1432; x_wconf 87' lang='lat' dir='ltr'>ostendunt</span> 
     </span>
    </p>
   </div>
   <div class='ocr_carea' id='block_1_3' title="bbox 1208 1643 1377 1712">
    <p class='ocr_par' dir='ltr' id='par_1_3' title="bbox 1208 1643 1377 1712">
     <span class='ocr_line' id='line_1_8' title="bbox 1208 1643 1377 1712; baseline -0.006 -2"><span class='ocrx_word' id='word_1_67' title='bbox 1208 1643 1377 1712; x_wconf 91' lang='lat' dir='ltr'>XXVIII.</span> 
     </span>
    </p>
   </div>
   <div class='ocr_carea' id='block_1_4' title="bbox 390 1769 2021 4600">
    <p class='ocr_par' dir='ltr' id='par_1_4' title="bbox 390 1769 2021 4600">
     <span class='ocr_line' id='line_1_9' title="bbox 391 1769 1977 1856; baseline -0.004 1"><span class='ocrx_word' id='word_1_68' title='bbox 391 1769 499 1826; x_wconf 65' lang='lat' dir='ltr'>aas</span> <span class='ocrx_word' id='word_1_69' title='bbox 710 1787 897 1856; x_wconf 75' lang='lat' dir='ltr'>umens</span> <span class='ocrx_word' id='word_1_70' title='bbox 920 1787 1008 1856; x_wconf 86' lang='lat' dir='ltr'>hanc</span> <span class='ocrx_word' id='word_1_71' title='bbox 1031 1788 1171 1854; x_wconf 70' lang='lat' dir='ltr'>oasam</span> <span class='ocrx_word' id='word_1_72' title='bbox 1186 1783 1309 1854; x_wconf 68' lang='lat' dir='ltr'>visura</span> <span class='ocrx_word' id='word_1_73' title='bbox 1328 1785 1381 1854; x_wconf 78' lang='lat' dir='ltr'>ver</span> <span class='ocrx_word' id='word_1_74' title='bbox 1404 1783 1570 1854; x_wconf 76' lang='lat' dir='ltr'><strong>audituris</strong></span> <span class='ocrx_word' id='word_1_75' title='bbox 1592 1783 1744 1854; x_wconf 81' lang='lat' dir='ltr'>Thomas</span> <span class='ocrx_word' id='word_1_76' title='bbox 1766 1785 1809 1852; x_wconf 77' lang='lat' dir='ltr'>re</span> <span class='ocrx_word' id='word_1_77' title='bbox 1831 1785 1977 1854; x_wconf 74' lang='lat' dir='ltr'>camera</span> 
     </span>
     <span class='ocr_line' id='line_1_10' title="bbox 393 1888 1975 1977; baseline -0.006 -14"><span class='ocrx_word' id='word_1_78' title='bbox 393 1923 474 1974; x_wconf 61' lang='lat' dir='ltr'>sm</span> <span class='ocrx_word' id='word_1_79' title='bbox 485 1921 585 1974; x_wconf 51' lang='lat' dir='ltr'>maa.</span> <span class='ocrx_word' id='word_1_80' title='bbox 752 1895 793 1961; x_wconf 90' lang='lat' dir='ltr'>de</span> <span class='ocrx_word' id='word_1_81' title='bbox 816 1891 975 1960; x_wconf 86' lang='lat' dir='ltr'>murthile</span> <span class='ocrx_word' id='word_1_82' title='bbox 993 1901 1027 1960; x_wconf 90' lang='lat' dir='ltr'>et</span> <span class='ocrx_word' id='word_1_83' title='bbox 1046 1890 1223 1977; x_wconf 85' lang='lat' dir='ltr'>burgensis</span> <span class='ocrx_word' id='word_1_84' title='bbox 1242 1893 1284 1958; x_wconf 91' lang='lat' dir='ltr'>de</span> <span class='ocrx_word' id='word_1_85' title='bbox 1305 1889 1462 1958; x_wconf 88' lang='lat' dir='ltr'>abirdene</span> <span class='ocrx_word' id='word_1_86' title='bbox 1477 1890 1623 1958; x_wconf 90' lang='lat' dir='ltr'>salutem</span> <span class='ocrx_word' id='word_1_87' title='bbox 1640 1893 1680 1956; x_wconf 92' lang='lat' dir='ltr'>In</span> <span class='ocrx_word' id='word_1_88' title='bbox 1696 1888 1833 1958; x_wconf 91' lang='lat' dir='ltr'>domino</span> <span class='ocrx_word' id='word_1_89' title='bbox 1853 1888 1975 1974; x_wconf 85' lang='lat' dir='ltr'>sempi-</span> 
     </span>
     <span class='ocr_line' id='line_1_11' title="bbox 392 1987 1976 2106; baseline -0.002 -41"><span class='ocrx_word' id='word_1_90' title='bbox 392 1987 461 2104; x_wconf 60' lang='lat' dir='ltr'>{¹3⁸ss</span> <span class='ocrx_word' id='word_1_91' title='bbox 472 1987 562 2106; x_wconf 49' lang='lat'>2³4²·</span> <span class='ocrx_word' id='word_1_92' title='bbox 616 2007 749 2064; x_wconf 87' lang='lat' dir='ltr'>ternam</span> <span class='ocrx_word' id='word_1_93' title='bbox 766 1996 938 2064; x_wconf 89' lang='lat' dir='ltr'>Noueritis</span> <span class='ocrx_word' id='word_1_94' title='bbox 954 2017 1008 2062; x_wconf 92' lang='lat' dir='ltr'>me</span> <span class='ocrx_word' id='word_1_95' title='bbox 1023 2018 1084 2083; x_wconf 91' lang='lat' dir='ltr'>pro</span> <span class='ocrx_word' id='word_1_96' title='bbox 1107 1995 1217 2062; x_wconf 87' lang='lat' dir='ltr'>salute</span> <span class='ocrx_word' id='word_1_97' title='bbox 1239 1994 1351 2064; x_wconf 87' lang='lat' dir='ltr'>anime</span> <span class='ocrx_word' id='word_1_98' title='bbox 1374 2016 1448 2062; x_wconf 88' lang='lat' dir='ltr'>mee</span> <span class='ocrx_word' id='word_1_99' title='bbox 1463 2003 1496 2062; x_wconf 90' lang='lat' dir='ltr'>et</span> <span class='ocrx_word' id='word_1_100' title='bbox 1513 1993 1683 2061; x_wconf 81' lang='lat' dir='ltr'>Elizibeth</span> <span class='ocrx_word' id='word_1_101' title='bbox 1698 2015 1822 2079; x_wconf 87' lang='lat' dir='ltr'>sponse</span> <span class='ocrx_word' id='word_1_102' title='bbox 1837 2015 1911 2062; x_wconf 91' lang='lat' dir='ltr'>mee</span> <span class='ocrx_word' id='word_1_103' title='bbox 1925 1994 1976 2062; x_wconf 87' lang='lat' dir='ltr'>Ac</span> 
     </span>
     <span class='ocr_line' id='line_1_12' title="bbox 391 2069 1975 2186; baseline -0.003 -16"><span class='ocrx_word' id='word_1_104' title='bbox 391 2069 506 2170; x_wconf 59' lang='lat' dir='ltr'>effi«</span> <span class='ocrx_word' id='word_1_105' title='bbox 519 2119 550 2171; x_wconf 83' lang='lat' dir='ltr'>ot</span> <span class='ocrx_word' id='word_1_106' title='bbox 617 2123 678 2186; x_wconf 93' lang='lat' dir='ltr'>pro</span> <span class='ocrx_word' id='word_1_107' title='bbox 690 2101 800 2170; x_wconf 85' lang='lat' dir='ltr'>salute</span> <span class='ocrx_word' id='word_1_108' title='bbox 815 2100 1006 2168; x_wconf 90' lang='lat' dir='ltr'>animarum</span> <span class='ocrx_word' id='word_1_109' title='bbox 1019 2099 1126 2186; x_wconf 87' lang='lat' dir='ltr'>patris</span> <span class='ocrx_word' id='word_1_110' title='bbox 1140 2109 1174 2166; x_wconf 90' lang='lat' dir='ltr'>et</span> <span class='ocrx_word' id='word_1_111' title='bbox 1190 2097 1310 2168; x_wconf 89' lang='lat' dir='ltr'>matris</span> <span class='ocrx_word' id='word_1_112' title='bbox 1325 2119 1399 2166; x_wconf 89' lang='lat' dir='ltr'>mee</span> <span class='ocrx_word' id='word_1_113' title='bbox 1415 2108 1667 2168; x_wconf 84' lang='lat' dir='ltr'>antecessorum</span> <span class='ocrx_word' id='word_1_114' title='bbox 1683 2110 1717 2168; x_wconf 91' lang='lat' dir='ltr'>et</span> <span class='ocrx_word' id='word_1_115' title='bbox 1734 2101 1975 2168; x_wconf 71' lang='lat' dir='ltr'>successorum</span> 
     </span>
     <span class='ocr_line' id='line_1_13' title="bbox 390 2183 1976 2291; baseline 0 -19"><span class='ocrx_word' id='word_1_116' title='bbox 390 2183 506 2236; x_wconf 60' lang='lat' dir='ltr'>mmm</span> <span class='ocrx_word' id='word_1_117' title='bbox 618 2227 769 2274; x_wconf 88' lang='lat' dir='ltr'>meorum</span> <span class='ocrx_word' id='word_1_118' title='bbox 801 2207 847 2273; x_wconf 86' lang='lat' dir='ltr'>Et</span> <span class='ocrx_word' id='word_1_119' title='bbox 874 2205 1047 2291; x_wconf 80' lang='lat' dir='ltr'><strong>signanter</strong></span> <span class='ocrx_word' id='word_1_120' title='bbox 1073 2226 1134 2290; x_wconf 91' lang='lat' dir='ltr'>pro</span> <span class='ocrx_word' id='word_1_121' title='bbox 1160 2203 1339 2272; x_wconf 82' lang='lat' dir='ltr'><strong>animabus</strong></span> <span class='ocrx_word' id='word_1_122' title='bbox 1370 2195 1510 2272; x_wconf 84' lang='lat' dir='ltr'>Illorum</span> <span class='ocrx_word' id='word_1_123' title='bbox 1540 2203 1691 2271; x_wconf 90' lang='lat' dir='ltr'>omnium</span> <span class='ocrx_word' id='word_1_124' title='bbox 1717 2225 1861 2290; x_wconf 88' lang='lat' dir='ltr'>quorum</span> <span class='ocrx_word' id='word_1_125' title='bbox 1888 2205 1976 2272; x_wconf 87' lang='lat' dir='ltr'>bona</span> 
     </span>
     <span class='ocr_line' id='line_1_14' title="bbox 618 2306 1976 2394; baseline -0.003 -17"><span class='ocrx_word' id='word_1_126' title='bbox 618 2313 712 2378; x_wconf 85' lang='lat' dir='ltr'>Iuste</span> <span class='ocrx_word' id='word_1_127' title='bbox 727 2311 779 2378; x_wconf 88' lang='lat' dir='ltr'>vel</span> <span class='ocrx_word' id='word_1_128' title='bbox 798 2309 923 2379; x_wconf 90' lang='lat' dir='ltr'>iniuste</span> <span class='ocrx_word' id='word_1_129' title='bbox 945 2307 1047 2378; x_wconf 88' lang='lat' dir='ltr'>habui</span> <span class='ocrx_word' id='word_1_130' title='bbox 1071 2329 1131 2376; x_wconf 89' lang='lat' dir='ltr'>seu</span> <span class='ocrx_word' id='word_1_131' title='bbox 1153 2309 1297 2394; x_wconf 91' lang='lat' dir='ltr'>adeptus</span> <span class='ocrx_word' id='word_1_132' title='bbox 1318 2306 1366 2376; x_wconf 86' lang='lat' dir='ltr'>Iui</span> <span class='ocrx_word' id='word_1_133' title='bbox 1389 2307 1745 2388; x_wconf 78' lang='lat' dir='ltr'>dedisseconcessisse</span> <span class='ocrx_word' id='word_1_134' title='bbox 1767 2329 1808 2376; x_wconf 90' lang='lat' dir='ltr'>ac</span> <span class='ocrx_word' id='word_1_135' title='bbox 1828 2307 1976 2394; x_wconf 83' lang='lat' dir='ltr'>presenti</span> 
     </span>
     <span class='ocr_line' id='line_1_15' title="bbox 615 2412 1977 2501; baseline 0 -21"><span class='ocrx_word' id='word_1_136' title='bbox 615 2424 711 2482; x_wconf 86' lang='lat' dir='ltr'>carta</span> <span class='ocrx_word' id='word_1_137' title='bbox 736 2435 813 2482; x_wconf 90' lang='lat' dir='ltr'>mea</span> <span class='ocrx_word' id='word_1_138' title='bbox 839 2435 900 2501; x_wconf 92' lang='lat' dir='ltr'>pro</span> <span class='ocrx_word' id='word_1_139' title='bbox 926 2437 980 2482; x_wconf 88' lang='lat' dir='ltr'>me</span> <span class='ocrx_word' id='word_1_140' title='bbox 1007 2424 1041 2482; x_wconf 91' lang='lat' dir='ltr'>et</span> <span class='ocrx_word' id='word_1_141' title='bbox 1066 2413 1246 2481; x_wconf 87' lang='lat' dir='ltr'>heredibus</span> <span class='ocrx_word' id='word_1_142' title='bbox 1272 2412 1357 2480; x_wconf 88' lang='lat' dir='ltr'>meis</span> <span class='ocrx_word' id='word_1_143' title='bbox 1382 2413 1602 2480; x_wconf 87' lang='lat' dir='ltr'>confirmasse</span> <span class='ocrx_word' id='word_1_144' title='bbox 1633 2416 1887 2500; x_wconf 87' lang='lat' dir='ltr'>Imperpetuum</span> <span class='ocrx_word' id='word_1_145' title='bbox 1914 2414 1977 2480; x_wconf 87' lang='lat' dir='ltr'>deo</span> 
     </span>
     <span class='ocr_line' id='line_1_16' title="bbox 615 2517 2003 2606; baseline 0 -20"><span class='ocrx_word' id='word_1_146' title='bbox 615 2519 838 2605; x_wconf 88' lang='lat' dir='ltr'>omnipotentj</span> <span class='ocrx_word' id='word_1_147' title='bbox 855 2521 953 2588; x_wconf 87' lang='lat' dir='ltr'>beate</span> <span class='ocrx_word' id='word_1_148' title='bbox 968 2517 1088 2605; x_wconf 87' lang='lat' dir='ltr'>virginj</span> <span class='ocrx_word' id='word_1_149' title='bbox 1113 2517 1219 2586; x_wconf 87' lang='lat' dir='ltr'>marie</span> <span class='ocrx_word' id='word_1_150' title='bbox 1233 2526 1267 2586; x_wconf 89' lang='lat' dir='ltr'>et</span> <span class='ocrx_word' id='word_1_151' title='bbox 1283 2517 1440 2587; x_wconf 90' lang='lat' dir='ltr'>omnibus</span> <span class='ocrx_word' id='word_1_152' title='bbox 1462 2518 1591 2586; x_wconf 88' lang='lat' dir='ltr'>sanctis</span> <span class='ocrx_word' id='word_1_153' title='bbox 1613 2517 1684 2586; x_wconf 92' lang='lat' dir='ltr'>suis</span> <span class='ocrx_word' id='word_1_154' title='bbox 1700 2520 1746 2586; x_wconf 89' lang='lat' dir='ltr'>Et</span> <span class='ocrx_word' id='word_1_155' title='bbox 1762 2517 1861 2604; x_wconf 87' lang='lat' dir='ltr'>altarj</span> <span class='ocrx_word' id='word_1_156' title='bbox 1879 2519 1976 2588; x_wconf 86' lang='lat' dir='ltr'>beate</span> <span class='ocrx_word' id='word_1_157' title='bbox 1997 2594 2003 2606; x_wconf 52' lang='lat'>‚</span> 
     </span>
     <span class='ocr_line' id='line_1_17' title="bbox 615 2621 1974 2710; baseline -0.001 -18"><span class='ocrx_word' id='word_1_158' title='bbox 615 2624 789 2693; x_wconf 85' lang='lat' dir='ltr'>ketherine</span> <span class='ocrx_word' id='word_1_159' title='bbox 811 2623 951 2710; x_wconf 84' lang='lat' dir='ltr'>virgInis</span> <span class='ocrx_word' id='word_1_160' title='bbox 976 2623 1011 2690; x_wconf 91' lang='lat' dir='ltr'>in</span> <span class='ocrx_word' id='word_1_161' title='bbox 1037 2622 1181 2693; x_wconf 89' lang='lat' dir='ltr'>ecclesia</span> <span class='ocrx_word' id='word_1_162' title='bbox 1207 2623 1296 2694; x_wconf 89' lang='lat' dir='ltr'>beati</span> <span class='ocrx_word' id='word_1_163' title='bbox 1322 2622 1481 2708; x_wconf 87' lang='lat' dir='ltr'>nicholaij</span> <span class='ocrx_word' id='word_1_164' title='bbox 1508 2624 1551 2691; x_wconf 89' lang='lat' dir='ltr'>de</span> <span class='ocrx_word' id='word_1_165' title='bbox 1572 2621 1740 2692; x_wconf 86' lang='lat' dir='ltr'>Abirdene</span> <span class='ocrx_word' id='word_1_166' title='bbox 1766 2621 1892 2692; x_wconf 90' lang='lat' dir='ltr'>situato</span> <span class='ocrx_word' id='word_1_167' title='bbox 1917 2621 1974 2706; x_wconf 86' lang='lat' dir='ltr'>vnj</span> 
     </span>
     <span class='ocr_line' id='line_1_18' title="bbox 613 2729 1976 2816; baseline -0.001 -18"><span class='ocrx_word' id='word_1_168' title='bbox 613 2730 799 2816; x_wconf 82' lang='lat' dir='ltr'>Capeliano</span> <span class='ocrx_word' id='word_1_169' title='bbox 830 2729 959 2798; x_wconf 87' lang='lat' dir='ltr'>Ibidem</span> <span class='ocrx_word' id='word_1_170' title='bbox 990 2739 1185 2816; x_wconf 85' lang='lat' dir='ltr'>presentato</span> <span class='ocrx_word' id='word_1_171' title='bbox 1215 2731 1258 2798; x_wconf 84' lang='lat' dir='ltr'>ad</span> <span class='ocrx_word' id='word_1_172' title='bbox 1288 2729 1526 2798; x_wconf 90' lang='lat' dir='ltr'>celebrandum</span> <span class='ocrx_word' id='word_1_173' title='bbox 1552 2751 1613 2814; x_wconf 92' lang='lat' dir='ltr'>pro</span> <span class='ocrx_word' id='word_1_174' title='bbox 1639 2738 1802 2815; x_wconf 88' lang='lat' dir='ltr'>perpetuo</span> <span class='ocrx_word' id='word_1_175' title='bbox 1831 2737 1976 2814; x_wconf 84' lang='lat' dir='ltr'>quatuor</span> 
     </span>
     <span class='ocr_line' id='line_1_19' title="bbox 614 2833 1976 2920; baseline 0.001 -19"><span class='ocrx_word' id='word_1_176' title='bbox 614 2856 747 2902; x_wconf 89' lang='lat' dir='ltr'>marcas</span> <span class='ocrx_word' id='word_1_177' title='bbox 762 2834 889 2902; x_wconf 81' lang='lat' dir='ltr'>usualis</span> <span class='ocrx_word' id='word_1_178' title='bbox 912 2844 1047 2908; x_wconf 83' lang='lat' dir='ltr'>monete</span> <span class='ocrx_word' id='word_1_179' title='bbox 1068 2834 1178 2920; x_wconf 86' lang='lat' dir='ltr'>Regnj</span> <span class='ocrx_word' id='word_1_180' title='bbox 1196 2834 1305 2902; x_wconf 89' lang='lat' dir='ltr'>scocie</span> <span class='ocrx_word' id='word_1_181' title='bbox 1321 2835 1485 2903; x_wconf 76' lang='lat' dir='ltr'>leuandae</span> <span class='ocrx_word' id='word_1_182' title='bbox 1500 2833 1677 2902; x_wconf 84' lang='lat' dir='ltr'>annuatim</span> <span class='ocrx_word' id='word_1_183' title='bbox 1693 2843 1727 2902; x_wconf 91' lang='lat' dir='ltr'>et</span> <span class='ocrx_word' id='word_1_184' title='bbox 1742 2833 1976 2920; x_wconf 83' lang='lat' dir='ltr'>percipIendas</span> 
     </span>
     <span class='ocr_line' id='line_1_20' title="bbox 613 2937 1975 3026; baseline 0 -20"><span class='ocrx_word' id='word_1_185' title='bbox 613 2941 656 3006; x_wconf 86' lang='lat' dir='ltr'>ad</span> <span class='ocrx_word' id='word_1_186' title='bbox 677 2937 840 3008; x_wconf 89' lang='lat' dir='ltr'>terminos</span> <span class='ocrx_word' id='word_1_187' title='bbox 860 2937 940 3006; x_wconf 90' lang='lat' dir='ltr'>anni</span> <span class='ocrx_word' id='word_1_188' title='bbox 961 2938 1096 3006; x_wconf 87' lang='lat' dir='ltr'>usuales</span> <span class='ocrx_word' id='word_1_189' title='bbox 1116 2938 1415 3026; x_wconf 85' lang='lat' dir='ltr'>proporeionaliter</span> <span class='ocrx_word' id='word_1_190' title='bbox 1435 2938 1652 3006; x_wconf 87' lang='lat' dir='ltr'>medietatem</span> <span class='ocrx_word' id='word_1_191' title='bbox 1672 2937 1828 3007; x_wconf 89' lang='lat' dir='ltr'>videlicet</span> <span class='ocrx_word' id='word_1_192' title='bbox 1849 2939 1892 3008; x_wconf 87' lang='lat' dir='ltr'>ad</span> <span class='ocrx_word' id='word_1_193' title='bbox 1912 2937 1975 3006; x_wconf 80' lang='lat' dir='ltr'>les·</span> 
     </span>
     <span class='ocr_line' id='line_1_21' title="bbox 613 3042 1976 3131; baseline -0.001 -19"><span class='ocrx_word' id='word_1_194' title='bbox 613 3055 687 3112; x_wconf 90' lang='lat' dir='ltr'>turn</span> <span class='ocrx_word' id='word_1_195' title='bbox 703 3044 909 3131; x_wconf 83' lang='lat' dir='ltr'>ponticostes</span> <span class='ocrx_word' id='word_1_196' title='bbox 924 3055 958 3112; x_wconf 92' lang='lat' dir='ltr'>et</span> <span class='ocrx_word' id='word_1_197' title='bbox 973 3044 1076 3112; x_wconf 89' lang='lat' dir='ltr'>aliam</span> <span class='ocrx_word' id='word_1_198' title='bbox 1096 3043 1313 3112; x_wconf 88' lang='lat' dir='ltr'>medietatem</span> <span class='ocrx_word' id='word_1_199' title='bbox 1329 3046 1372 3111; x_wconf 91' lang='lat' dir='ltr'>ad</span> <span class='ocrx_word' id='word_1_200' title='bbox 1387 3045 1512 3112; x_wconf 86' lang='lat' dir='ltr'>festum</span> <span class='ocrx_word' id='word_1_201' title='bbox 1535 3042 1645 3112; x_wconf 87' lang='lat' dir='ltr'>sancti</span> <span class='ocrx_word' id='word_1_202' title='bbox 1661 3042 1798 3111; x_wconf 87' lang='lat' dir='ltr'>martini</span> <span class='ocrx_word' id='word_1_203' title='bbox 1821 3043 1856 3110; x_wconf 93' lang='lat' dir='ltr'>in</span> <span class='ocrx_word' id='word_1_204' title='bbox 1877 3063 1976 3129; x_wconf 89' lang='lat' dir='ltr'>yeme</span> 
     </span>
     <span class='ocr_line' id='line_1_22' title="bbox 613 3147 1976 3234; baseline -0.003 -16"><span class='ocrx_word' id='word_1_205' title='bbox 613 3151 655 3218; x_wconf 89' lang='lat' dir='ltr'>de</span> <span class='ocrx_word' id='word_1_206' title='bbox 684 3149 888 3216; x_wconf 87' lang='lat' dir='ltr'>tenementis</span> <span class='ocrx_word' id='word_1_207' title='bbox 918 3149 1043 3218; x_wconf 84' lang='lat' dir='ltr'>Croitis</span> <span class='ocrx_word' id='word_1_208' title='bbox 1073 3159 1107 3216; x_wconf 89' lang='lat' dir='ltr'>et</span> <span class='ocrx_word' id='word_1_209' title='bbox 1136 3149 1260 3222; x_wconf 84' lang='lat' dir='ltr'>annuis</span> <span class='ocrx_word' id='word_1_210' title='bbox 1287 3149 1488 3218; x_wconf 88' lang='lat' dir='ltr'>Redditibus</span> <span class='ocrx_word' id='word_1_211' title='bbox 1519 3147 1748 3234; x_wconf 80' lang='lat' dir='ltr'>Intraseriptis</span> <span class='ocrx_word' id='word_1_212' title='bbox 1777 3147 1907 3216; x_wconf 90' lang='lat' dir='ltr'>scilicet</span> <span class='ocrx_word' id='word_1_213' title='bbox 1934 3149 1976 3216; x_wconf 91' lang='lat' dir='ltr'>de</span> 
     </span>
     <span class='ocr_line' id='line_1_23' title="bbox 614 3253 1977 3340; baseline 0.001 -20"><span class='ocrx_word' id='word_1_214' title='bbox 614 3253 786 3322; x_wconf 90' lang='lat' dir='ltr'>montibus</span> <span class='ocrx_word' id='word_1_215' title='bbox 799 3255 971 3322; x_wconf 83' lang='lat' dir='ltr'>furcarum</span> <span class='ocrx_word' id='word_1_216' title='bbox 994 3254 1167 3322; x_wconf 90' lang='lat' dir='ltr'>trisdecim</span> <span class='ocrx_word' id='word_1_217' title='bbox 1188 3255 1316 3324; x_wconf 90' lang='lat' dir='ltr'>solidos</span> <span class='ocrx_word' id='word_1_218' title='bbox 1338 3265 1372 3322; x_wconf 88' lang='lat' dir='ltr'>et</span> <span class='ocrx_word' id='word_1_219' title='bbox 1395 3265 1539 3340; x_wconf 90' lang='lat' dir='ltr'>quatuor</span> <span class='ocrx_word' id='word_1_220' title='bbox 1561 3254 1718 3323; x_wconf 88' lang='lat' dir='ltr'>denarios</span> <span class='ocrx_word' id='word_1_221' title='bbox 1738 3255 1785 3322; x_wconf 90' lang='lat' dir='ltr'>Et</span> <span class='ocrx_word' id='word_1_222' title='bbox 1800 3255 1842 3322; x_wconf 90' lang='lat' dir='ltr'>de</span> <span class='ocrx_word' id='word_1_223' title='bbox 1857 3253 1977 3324; x_wconf 88' lang='lat' dir='ltr'>duobis</span> 
     </span>
     <span class='ocr_line' id='line_1_24' title="bbox 614 3359 1977 3448; baseline 0 -20"><span class='ocrx_word' id='word_1_224' title='bbox 614 3359 818 3428; x_wconf 89' lang='lat' dir='ltr'>tenementis</span> <span class='ocrx_word' id='word_1_225' title='bbox 848 3359 1015 3430; x_wconf 90' lang='lat' dir='ltr'>Willelmi</span> <span class='ocrx_word' id='word_1_226' title='bbox 1053 3362 1180 3448; x_wconf 90' lang='lat' dir='ltr'>mathej</span> <span class='ocrx_word' id='word_1_227' title='bbox 1218 3360 1413 3430; x_wconf 90' lang='lat' dir='ltr'>lacentibus</span> <span class='ocrx_word' id='word_1_228' title='bbox 1441 3361 1477 3428; x_wconf 92' lang='lat' dir='ltr'>in</span> <span class='ocrx_word' id='word_1_229' title='bbox 1506 3361 1581 3428; x_wconf 91' lang='lat' dir='ltr'>vico</span> <span class='ocrx_word' id='word_1_230' title='bbox 1609 3361 1780 3430; x_wconf 81' lang='lat' dir='ltr'>furcarum</span> <span class='ocrx_word' id='word_1_231' title='bbox 1810 3381 1852 3428; x_wconf 86' lang='lat' dir='ltr'>cx</span> <span class='ocrx_word' id='word_1_232' title='bbox 1881 3369 1977 3446; x_wconf 84' lang='lat' dir='ltr'>parte</span> 
     </span>
     <span class='ocr_line' id='line_1_25' title="bbox 615 3463 1977 3552; baseline 0.001 -21"><span class='ocrx_word' id='word_1_233' title='bbox 615 3463 770 3532; x_wconf 89' lang='lat' dir='ltr'>orientali</span> <span class='ocrx_word' id='word_1_234' title='bbox 807 3463 957 3532; x_wconf 87' lang='lat' dir='ltr'>eiusdem</span> <span class='ocrx_word' id='word_1_235' title='bbox 987 3463 1051 3550; x_wconf 90' lang='lat' dir='ltr'>vicj</span> <span class='ocrx_word' id='word_1_236' title='bbox 1091 3464 1179 3532; x_wconf 91' lang='lat' dir='ltr'>inter</span> <span class='ocrx_word' id='word_1_237' title='bbox 1211 3475 1338 3533; x_wconf 88' lang='lat' dir='ltr'>terram</span> <span class='ocrx_word' id='word_1_238' title='bbox 1372 3463 1511 3550; x_wconf 89' lang='lat' dir='ltr'>Cristinj</span> <span class='ocrx_word' id='word_1_239' title='bbox 1554 3467 1596 3532; x_wconf 92' lang='lat' dir='ltr'>de</span> <span class='ocrx_word' id='word_1_240' title='bbox 1636 3466 1768 3552; x_wconf 87' lang='lat' dir='ltr'>kynnor</span> <span class='ocrx_word' id='word_1_241' title='bbox 1803 3487 1845 3532; x_wconf 88' lang='lat' dir='ltr'>ex</span> <span class='ocrx_word' id='word_1_242' title='bbox 1881 3474 1977 3550; x_wconf 87' lang='lat' dir='ltr'>parte</span> 
     </span>
     <span class='ocr_line' id='line_1_26' title="bbox 616 3569 1976 3656; baseline 0 -20"><span class='ocrx_word' id='word_1_243' title='bbox 616 3569 741 3636; x_wconf 87' lang='lat' dir='ltr'>boreali</span> <span class='ocrx_word' id='word_1_244' title='bbox 768 3577 802 3636; x_wconf 92' lang='lat' dir='ltr'>et</span> <span class='ocrx_word' id='word_1_245' title='bbox 828 3578 955 3636; x_wconf 88' lang='lat' dir='ltr'>terram</span> <span class='ocrx_word' id='word_1_246' title='bbox 979 3569 1150 3654; x_wconf 88' lang='lat' dir='ltr'>quondam</span> <span class='ocrx_word' id='word_1_247' title='bbox 1177 3569 1342 3637; x_wconf 91' lang='lat' dir='ltr'>Willelmi</span> <span class='ocrx_word' id='word_1_248' title='bbox 1369 3569 1481 3656; x_wconf 87' lang='lat' dir='ltr'>gowill</span> <span class='ocrx_word' id='word_1_249' title='bbox 1507 3589 1549 3636; x_wconf 84' lang='lat' dir='ltr'>ea</span> <span class='ocrx_word' id='word_1_250' title='bbox 1574 3578 1670 3654; x_wconf 87' lang='lat' dir='ltr'>parte</span> <span class='ocrx_word' id='word_1_251' title='bbox 1696 3569 1837 3638; x_wconf 83' lang='lat' dir='ltr'>australi</span> <span class='ocrx_word' id='word_1_252' title='bbox 1866 3569 1976 3636; x_wconf 88' lang='lat' dir='ltr'>decim</span> 
     </span>
     <span class='ocr_line' id='line_1_27' title="bbox 617 3671 1977 3759; baseline 0.001 -20"><span class='ocrx_word' id='word_1_253' title='bbox 617 3673 742 3741; x_wconf 88' lang='lat' dir='ltr'>solidos</span> <span class='ocrx_word' id='word_1_254' title='bbox 764 3674 810 3738; x_wconf 93' lang='lat' dir='ltr'>Et</span> <span class='ocrx_word' id='word_1_255' title='bbox 827 3675 868 3740; x_wconf 90' lang='lat' dir='ltr'>de</span> <span class='ocrx_word' id='word_1_256' title='bbox 884 3671 1089 3740; x_wconf 89' lang='lat' dir='ltr'>tenementis</span> <span class='ocrx_word' id='word_1_257' title='bbox 1103 3672 1270 3742; x_wconf 91' lang='lat' dir='ltr'>Willelmi</span> <span class='ocrx_word' id='word_1_258' title='bbox 1293 3673 1431 3742; x_wconf 87' lang='lat' dir='ltr'>seherar</span> <span class='ocrx_word' id='word_1_259' title='bbox 1453 3694 1558 3759; x_wconf 91' lang='lat' dir='ltr'>prope</span> <span class='ocrx_word' id='word_1_260' title='bbox 1580 3673 1758 3742; x_wconf 84' lang='lat' dir='ltr'>ecclesiam</span> <span class='ocrx_word' id='word_1_261' title='bbox 1783 3671 1977 3742; x_wconf 86' lang='lat' dir='ltr'>lacentibus</span> 
     </span>
     <span class='ocr_line' id='line_1_28' title="bbox 616 3777 1977 3865; baseline 0 -19"><span class='ocrx_word' id='word_1_262' title='bbox 616 3778 651 3846; x_wconf 91' lang='lat' dir='ltr'>in</span> <span class='ocrx_word' id='word_1_263' title='bbox 673 3777 748 3846; x_wconf 89' lang='lat' dir='ltr'>vico</span> <span class='ocrx_word' id='word_1_264' title='bbox 774 3777 937 3845; x_wconf 85' lang='lat' dir='ltr'>Inferiore</span> <span class='ocrx_word' id='word_1_265' title='bbox 962 3777 1104 3846; x_wconf 87' lang='lat' dir='ltr'>ecclesie</span> <span class='ocrx_word' id='word_1_266' title='bbox 1130 3777 1218 3846; x_wconf 92' lang='lat' dir='ltr'>inter</span> <span class='ocrx_word' id='word_1_267' title='bbox 1239 3781 1325 3848; x_wconf 84' lang='lat' dir='ltr'>duas</span> <span class='ocrx_word' id='word_1_268' title='bbox 1347 3777 1420 3848; x_wconf 89' lang='lat' dir='ltr'>vias</span> <span class='ocrx_word' id='word_1_269' title='bbox 1442 3778 1553 3864; x_wconf 84' lang='lat' dir='ltr'>regias</span> <span class='ocrx_word' id='word_1_270' title='bbox 1575 3788 1646 3848; x_wconf 88' lang='lat' dir='ltr'>tam</span> <span class='ocrx_word' id='word_1_271' title='bbox 1669 3801 1710 3848; x_wconf 84' lang='lat' dir='ltr'>ex</span> <span class='ocrx_word' id='word_1_272' title='bbox 1732 3789 1829 3865; x_wconf 87' lang='lat' dir='ltr'>parte</span> <span class='ocrx_word' id='word_1_273' title='bbox 1851 3777 1977 3848; x_wconf 89' lang='lat' dir='ltr'>boreali</span> 
     </span>
     <span class='ocr_line' id='line_1_29' title="bbox 616 3881 1977 3969; baseline 0.003 -19"><span class='ocrx_word' id='word_1_274' title='bbox 616 3903 719 3969; x_wconf 91' lang='lat' dir='ltr'>quam</span> <span class='ocrx_word' id='word_1_275' title='bbox 748 3881 950 3952; x_wconf 90' lang='lat' dir='ltr'>occidentali</span> <span class='ocrx_word' id='word_1_276' title='bbox 976 3883 1085 3950; x_wconf 88' lang='lat' dir='ltr'>decim</span> <span class='ocrx_word' id='word_1_277' title='bbox 1112 3883 1238 3952; x_wconf 88' lang='lat' dir='ltr'>solidos</span> <span class='ocrx_word' id='word_1_278' title='bbox 1265 3885 1311 3950; x_wconf 91' lang='lat' dir='ltr'>Et</span> <span class='ocrx_word' id='word_1_279' title='bbox 1338 3887 1380 3952; x_wconf 88' lang='lat' dir='ltr'>de</span> <span class='ocrx_word' id='word_1_280' title='bbox 1406 3893 1599 3952; x_wconf 87' lang='lat' dir='ltr'>tenemento</span> <span class='ocrx_word' id='word_1_281' title='bbox 1630 3887 1754 3954; x_wconf 88' lang='lat' dir='ltr'>Iacobo</span> <span class='ocrx_word' id='word_1_282' title='bbox 1779 3887 1821 3954; x_wconf 90' lang='lat' dir='ltr'>de</span> <span class='ocrx_word' id='word_1_283' title='bbox 1847 3885 1977 3954; x_wconf 83' lang='lat' dir='ltr'>ballour</span> 
     </span>
     <span class='ocr_line' id='line_1_30' title="bbox 617 3986 1977 4076; baseline 0.003 -22"><span class='ocrx_word' id='word_1_284' title='bbox 617 3986 774 4074; x_wconf 87' lang='lat' dir='ltr'>presbitri</span> <span class='ocrx_word' id='word_1_285' title='bbox 798 3990 936 4056; x_wconf 84' lang='lat' dir='ltr'>Iacente</span> <span class='ocrx_word' id='word_1_286' title='bbox 959 3987 993 4056; x_wconf 93' lang='lat' dir='ltr'>in</span> <span class='ocrx_word' id='word_1_287' title='bbox 1014 3988 1089 4058; x_wconf 90' lang='lat' dir='ltr'>vico</span> <span class='ocrx_word' id='word_1_288' title='bbox 1111 3987 1208 4076; x_wconf 89' lang='lat' dir='ltr'>viridj</span> <span class='ocrx_word' id='word_1_289' title='bbox 1232 4011 1337 4076; x_wconf 90' lang='lat' dir='ltr'>prope</span> <span class='ocrx_word' id='word_1_290' title='bbox 1358 3990 1481 4058; x_wconf 80' lang='lat' dir='ltr'>fratres</span> <span class='ocrx_word' id='word_1_291' title='bbox 1503 3989 1747 4060; x_wconf 86' lang='lat' dir='ltr'>carmilitarum</span> <span class='ocrx_word' id='word_1_292' title='bbox 1771 4013 1829 4058; x_wconf 79' lang='lat' dir='ltr'>sex</span> <span class='ocrx_word' id='word_1_293' title='bbox 1851 3990 1977 4060; x_wconf 86' lang='lat' dir='ltr'>solidos</span> 
     </span>
     <span class='ocr_line' id='line_1_31' title="bbox 616 4093 1976 4180; baseline 0.002 -21"><span class='ocrx_word' id='word_1_294' title='bbox 616 4103 649 4160; x_wconf 93' lang='lat' dir='ltr'>et</span> <span class='ocrx_word' id='word_1_295' title='bbox 671 4101 748 4160; x_wconf 89' lang='lat' dir='ltr'>octo</span> <span class='ocrx_word' id='word_1_296' title='bbox 773 4093 930 4162; x_wconf 88' lang='lat' dir='ltr'>denarios</span> <span class='ocrx_word' id='word_1_297' title='bbox 954 4095 1002 4160; x_wconf 90' lang='lat' dir='ltr'>Et</span> <span class='ocrx_word' id='word_1_298' title='bbox 1028 4095 1070 4162; x_wconf 95' lang='lat' dir='ltr'>de</span> <span class='ocrx_word' id='word_1_299' title='bbox 1096 4094 1201 4162; x_wconf 82' lang='lat' dir='ltr'>crofto</span> <span class='ocrx_word' id='word_1_300' title='bbox 1227 4097 1316 4180; x_wconf 91' lang='lat' dir='ltr'>quod</span> <span class='ocrx_word' id='word_1_301' title='bbox 1342 4105 1483 4164; x_wconf 87' lang='lat' dir='ltr'>vocatur</span> <span class='ocrx_word' id='word_1_302' title='bbox 1510 4096 1694 4180; x_wconf 86' lang='lat' dir='ltr'>Marycroft</span> <span class='ocrx_word' id='word_1_303' title='bbox 1721 4117 1824 4180; x_wconf 87' lang='lat' dir='ltr'>prope</span> <span class='ocrx_word' id='word_1_304' title='bbox 1849 4095 1976 4164; x_wconf 87' lang='lat' dir='ltr'>fontem</span> 
     </span>
     <span class='ocr_line' id='line_1_32' title="bbox 617 4196 2021 4284; baseline 0 -18"><span class='ocrx_word' id='word_1_305' title='bbox 617 4198 714 4266; x_wconf 88' lang='lat' dir='ltr'>beate</span> <span class='ocrx_word' id='word_1_306' title='bbox 751 4197 857 4266; x_wconf 88' lang='lat' dir='ltr'>marie</span> <span class='ocrx_word' id='word_1_307' title='bbox 885 4196 1026 4284; x_wconf 85' lang='lat' dir='ltr'>virginis</span> <span class='ocrx_word' id='word_1_308' title='bbox 1055 4198 1089 4266; x_wconf 91' lang='lat' dir='ltr'>in</span> <span class='ocrx_word' id='word_1_309' title='bbox 1119 4199 1289 4268; x_wconf 88' lang='lat' dir='ltr'>territorio</span> <span class='ocrx_word' id='word_1_310' title='bbox 1318 4202 1360 4268; x_wconf 89' lang='lat' dir='ltr'>de</span> <span class='ocrx_word' id='word_1_311' title='bbox 1388 4201 1561 4269; x_wconf 90' lang='lat' dir='ltr'>denburne</span> <span class='ocrx_word' id='word_1_312' title='bbox 1594 4221 1654 4268; x_wconf 82' lang='lat' dir='ltr'>sex</span> <span class='ocrx_word' id='word_1_313' title='bbox 1682 4199 1808 4266; x_wconf 91' lang='lat' dir='ltr'>solidos</span> <span class='ocrx_word' id='word_1_314' title='bbox 1837 4209 1871 4266; x_wconf 92' lang='lat' dir='ltr'>et</span> <span class='ocrx_word' id='word_1_315' title='bbox 1900 4209 1978 4266; x_wconf 93' lang='lat' dir='ltr'>octo</span> <span class='ocrx_word' id='word_1_316' title='bbox 2016 4233 2021 4246; x_wconf 91' lang='lat'><em>·</em></span> 
     </span>
     <span class='ocr_line' id='line_1_33' title="bbox 616 4298 1977 4388; baseline 0.004 -21"><span class='ocrx_word' id='word_1_317' title='bbox 616 4298 772 4368; x_wconf 90' lang='lat' dir='ltr'>denarios</span> <span class='ocrx_word' id='word_1_318' title='bbox 795 4303 842 4368; x_wconf 89' lang='lat' dir='ltr'>Et</span> <span class='ocrx_word' id='word_1_319' title='bbox 865 4302 907 4368; x_wconf 91' lang='lat' dir='ltr'>de</span> <span class='ocrx_word' id='word_1_320' title='bbox 930 4302 1037 4370; x_wconf 86' lang='lat' dir='ltr'>crolto</span> <span class='ocrx_word' id='word_1_321' title='bbox 1063 4305 1152 4388; x_wconf 91' lang='lat' dir='ltr'>quod</span> <span class='ocrx_word' id='word_1_322' title='bbox 1175 4313 1315 4372; x_wconf 89' lang='lat' dir='ltr'>vocatur</span> <span class='ocrx_word' id='word_1_323' title='bbox 1341 4303 1496 4372; x_wconf 88' lang='lat' dir='ltr'>celiwerd</span> <span class='ocrx_word' id='word_1_324' title='bbox 1524 4307 1661 4372; x_wconf 89' lang='lat' dir='ltr'>Iacente</span> <span class='ocrx_word' id='word_1_325' title='bbox 1683 4303 1718 4370; x_wconf 93' lang='lat' dir='ltr'>in</span> <span class='ocrx_word' id='word_1_326' title='bbox 1740 4303 1910 4372; x_wconf 89' lang='lat' dir='ltr'>territorio</span> <span class='ocrx_word' id='word_1_327' title='bbox 1935 4305 1977 4372; x_wconf 91' lang='lat' dir='ltr'>de</span> 
     </span>
     <span class='ocr_line' id='line_1_34' title="bbox 616 4403 1977 4496; baseline 0.001 -24"><span class='ocrx_word' id='word_1_328' title='bbox 616 4403 648 4472; x_wconf 91' lang='lat' dir='ltr'>le</span> <span class='ocrx_word' id='word_1_329' title='bbox 670 4407 843 4474; x_wconf 89' lang='lat' dir='ltr'>denburne</span> <span class='ocrx_word' id='word_1_330' title='bbox 864 4405 953 4474; x_wconf 89' lang='lat' dir='ltr'>inter</span> <span class='ocrx_word' id='word_1_331' title='bbox 976 4407 1118 4476; x_wconf 76' lang='lat' dir='ltr'>crottum</span> <span class='ocrx_word' id='word_1_332' title='bbox 1144 4409 1306 4476; x_wconf 90' lang='lat' dir='ltr'>Iohannis</span> <span class='ocrx_word' id='word_1_333' title='bbox 1328 4411 1369 4476; x_wconf 90' lang='lat' dir='ltr'>de</span> <span class='ocrx_word' id='word_1_334' title='bbox 1392 4411 1634 4496; x_wconf 90' lang='lat' dir='ltr'>kynnynmond</span> <span class='ocrx_word' id='word_1_335' title='bbox 1654 4431 1696 4476; x_wconf 89' lang='lat' dir='ltr'>ex</span> <span class='ocrx_word' id='word_1_336' title='bbox 1717 4419 1814 4496; x_wconf 88' lang='lat' dir='ltr'>parte</span> <span class='ocrx_word' id='word_1_337' title='bbox 1836 4407 1977 4478; x_wconf 84' lang='lat' dir='ltr'>australi</span> 
     </span>
     <span class='ocr_line' id='line_1_35' title="bbox 616 4511 1977 4600; baseline 0.004 -26"><span class='ocrx_word' id='word_1_338' title='bbox 616 4529 657 4574; x_wconf 87' lang='lat' dir='ltr'>ex</span> <span class='ocrx_word' id='word_1_339' title='bbox 675 4518 771 4596; x_wconf 88' lang='lat' dir='ltr'>parte</span> <span class='ocrx_word' id='word_1_340' title='bbox 785 4531 852 4578; x_wconf 89' lang='lat' dir='ltr'>vna</span> <span class='ocrx_word' id='word_1_341' title='bbox 867 4520 901 4576; x_wconf 90' lang='lat' dir='ltr'>et</span> <span class='ocrx_word' id='word_1_342' title='bbox 917 4511 1062 4578; x_wconf 90' lang='lat' dir='ltr'>croftum</span> <span class='ocrx_word' id='word_1_343' title='bbox 1077 4512 1220 4580; x_wconf 88' lang='lat' dir='ltr'>fratrum</span> <span class='ocrx_word' id='word_1_344' title='bbox 1244 4513 1488 4582; x_wconf 89' lang='lat' dir='ltr'>carmilitarum</span> <span class='ocrx_word' id='word_1_345' title='bbox 1507 4535 1547 4580; x_wconf 85' lang='lat' dir='ltr'>ex</span> <span class='ocrx_word' id='word_1_346' title='bbox 1565 4523 1662 4600; x_wconf 90' lang='lat' dir='ltr'>parte</span> <span class='ocrx_word' id='word_1_347' title='bbox 1685 4513 1810 4581; x_wconf 89' lang='lat' dir='ltr'>boreali</span> <span class='ocrx_word' id='word_1_348' title='bbox 1825 4523 1977 4600; x_wconf 84' lang='lat' dir='ltr'>exparte</span> 
     </span>
    </p>
   </div>
   <div class='ocr_carea' id='block_1_5' title="bbox 617 4613 1976 4688">
    <p class='ocr_par' dir='ltr' id='par_1_5' title="bbox 617 4613 1976 4688">
     <span class='ocr_line' id='line_1_36' title="bbox 617 4613 1976 4688; baseline 0.005 -9"><span class='ocrx_word' id='word_1_349' title='bbox 617 4613 725 4680; x_wconf 83' lang='lat' dir='ltr'>altera</span> <span class='ocrx_word' id='word_1_350' title='bbox 754 4635 813 4680; x_wconf 85' lang='lat' dir='ltr'>sex</span> <span class='ocrx_word' id='word_1_351' title='bbox 843 4614 969 4682; x_wconf 90' lang='lat' dir='ltr'>solidos</span> <span class='ocrx_word' id='word_1_352' title='bbox 998 4625 1032 4682; x_wconf 89' lang='lat' dir='ltr'>et</span> <span class='ocrx_word' id='word_1_353' title='bbox 1062 4627 1139 4685; x_wconf 94' lang='lat' dir='ltr'>octo</span> <span class='ocrx_word' id='word_1_354' title='bbox 1169 4619 1325 4686; x_wconf 87' lang='lat' dir='ltr'>denarios</span> <span class='ocrx_word' id='word_1_355' title='bbox 1354 4619 1568 4686; x_wconf 81' lang='lat' dir='ltr'>Tansnuuu</span> <span class='ocrx_word' id='word_1_356' title='bbox 1599 4628 1632 4686; x_wconf 87' lang='lat' dir='ltr'>et</span> <span class='ocrx_word' id='word_1_357' title='bbox 1663 4619 1855 4688; x_wconf 90' lang='lat' dir='ltr'>habendum</span> <span class='ocrx_word' id='word_1_358' title='bbox 1885 4618 1976 4686; x_wconf 87' lang='lat' dir='ltr'>dicto</span> 
     </span>
    </p>
   </div>
   <div class='ocr_carea' id='block_1_6' title="bbox 0 0 2242 5988">
    <p class='ocr_par' dir='ltr' id='par_1_6' title="bbox 0 0 2242 5988">
     <span class='ocr_line' id='line_1_37' title="bbox 0 0 2242 5988; baseline 0 0"><span class='ocrx_word' id='word_1_359' title='bbox 0 0 2242 5988; x_wconf 95' lang='lat' dir='ltr'> </span> 
     </span>
    </p>
   </div>
  </div>
 </body>
</html>
