<?xml version="1.0" encoding="UTF-8"?>
<!DOCTYPE html PUBLIC "-//W3C//DTD XHTML 1.0 Transitional//EN"
    "http://www.w3.org/TR/xhtml1/DTD/xhtml1-transitional.dtd">
<html xmlns="http://www.w3.org/1999/xhtml" xml:lang="en" lang="en">
 <head>
  <title>
</title>
<meta http-equiv="Content-Type" content="text/html;charset=utf-8" />
  <meta name='ocr-system' content='tesseract 3.04.00' />
  <meta name='ocr-capabilities' content='ocr_page ocr_carea ocr_par ocr_line ocrx_word'/>
</head>
<body>
  <div class='ocr_page' id='page_1' title='image "./cartulariumeccl00logagoog_0164.png"; bbox 0 0 4490 5990; ppageno 0'>
   <div class='ocr_carea' id='block_1_1' title="bbox 538 671 1486 758">
    <p class='ocr_par' dir='ltr' id='par_1_1' title="bbox 538 671 1486 758">
     <span class='ocr_line' id='line_1_1' title="bbox 538 671 1486 758; baseline -0.006 -12"><span class='ocrx_word' id='word_1_1' title='bbox 538 675 600 758; x_wconf 81' lang='lat'>136</span> <span class='ocrx_word' id='word_1_2' title='bbox 948 673 1048 740; x_wconf 75' lang='lat' dir='ltr'>Carta</span> <span class='ocrx_word' id='word_1_3' title='bbox 1069 671 1191 738; x_wconf 71' lang='lat' dir='ltr'>domiai</span> <span class='ocrx_word' id='word_1_4' title='bbox 1211 672 1363 738; x_wconf 74' lang='lat' dir='ltr'>Iohannis</span> <span class='ocrx_word' id='word_1_5' title='bbox 1386 693 1486 740; x_wconf 78' lang='lat' dir='ltr'>uaros</span> 
     </span>
    </p>
   </div>
   <div class='ocr_carea' id='block_1_2' title="bbox 533 843 1927 2614">
    <p class='ocr_par' dir='ltr' id='par_1_2' title="bbox 533 843 1927 2614">
     <span class='ocr_line' id='line_1_2' title="bbox 534 843 1893 934; baseline 0 -18"><span class='ocrx_word' id='word_1_6' title='bbox 534 845 692 916; x_wconf 89' lang='lat' dir='ltr'>tinenolis</span> <span class='ocrx_word' id='word_1_7' title='bbox 718 845 973 933; x_wconf 82' lang='lat' dir='ltr'>quibuscunque</span> <span class='ocrx_word' id='word_1_8' title='bbox 995 845 1037 912; x_wconf 86' lang='lat' dir='ltr'>ad</span> <span class='ocrx_word' id='word_1_9' title='bbox 1061 843 1189 912; x_wconf 90' lang='lat' dir='ltr'>dictum</span> <span class='ocrx_word' id='word_1_10' title='bbox 1212 863 1362 914; x_wconf 76' lang='lat' dir='ltr'>mnuurn</span> <span class='ocrx_word' id='word_1_11' title='bbox 1385 846 1554 916; x_wconf 88' lang='lat' dir='ltr'>redditum</span> <span class='ocrx_word' id='word_1_12' title='bbox 1577 846 1810 934; x_wconf 71' lang='lat' dir='ltr'>spectantibus</span> <span class='ocrx_word' id='word_1_13' title='bbox 1833 865 1893 916; x_wconf 87' lang='lat' dir='ltr'>seu</span> 
     </span>
     <span class='ocr_line' id='line_1_3' title="bbox 536 947 1893 1040; baseline 0.001 -20"><span class='ocrx_word' id='word_1_14' title='bbox 536 951 629 1020; x_wconf 88' lang='lat' dir='ltr'>Iuste</span> <span class='ocrx_word' id='word_1_15' title='bbox 645 957 798 1037; x_wconf 87' lang='lat' dir='ltr'>spectare</span> <span class='ocrx_word' id='word_1_16' title='bbox 812 947 1004 1018; x_wconf 88' lang='lat' dir='ltr'>valentibus</span> <span class='ocrx_word' id='word_1_17' title='bbox 1028 947 1278 1034; x_wconf 87' lang='lat' dir='ltr'>quomodolibet</span> <span class='ocrx_word' id='word_1_18' title='bbox 1301 949 1500 1020; x_wconf 84' lang='lat' dir='ltr'>infuturum</span> <span class='ocrx_word' id='word_1_19' title='bbox 1517 953 1602 1019; x_wconf 89' lang='lat' dir='ltr'>adeo</span> <span class='ocrx_word' id='word_1_20' title='bbox 1624 951 1727 1020; x_wconf 87' lang='lat' dir='ltr'>libere</span> <span class='ocrx_word' id='word_1_21' title='bbox 1742 951 1893 1040; x_wconf 87' lang='lat' dir='ltr'>plenarie</span> 
     </span>
     <span class='ocr_line' id='line_1_4' title="bbox 533 1053 1893 1146; baseline 0.003 -22"><span class='ocrx_word' id='word_1_22' title='bbox 533 1055 662 1142; x_wconf 83' lang='lat' dir='ltr'>integre</span> <span class='ocrx_word' id='word_1_23' title='bbox 680 1055 863 1129; x_wconf 84' lang='lat' dir='ltr'>honorifice</span> <span class='ocrx_word' id='word_1_24' title='bbox 881 1056 966 1124; x_wconf 87' lang='lat' dir='ltr'>bene</span> <span class='ocrx_word' id='word_1_25' title='bbox 981 1063 1015 1122; x_wconf 80' lang='lat' dir='ltr'>et</span> <span class='ocrx_word' id='word_1_26' title='bbox 1030 1053 1065 1121; x_wconf 93' lang='lat' dir='ltr'>in</span> <span class='ocrx_word' id='word_1_27' title='bbox 1080 1075 1164 1142; x_wconf 90' lang='lat' dir='ltr'>pace</span> <span class='ocrx_word' id='word_1_28' title='bbox 1179 1053 1214 1122; x_wconf 93' lang='lat' dir='ltr'>in</span> <span class='ocrx_word' id='word_1_29' title='bbox 1230 1055 1387 1124; x_wconf 89' lang='lat' dir='ltr'>omnibus</span> <span class='ocrx_word' id='word_1_30' title='bbox 1401 1063 1435 1123; x_wconf 87' lang='lat' dir='ltr'>et</span> <span class='ocrx_word' id='word_1_31' title='bbox 1453 1078 1513 1144; x_wconf 90' lang='lat' dir='ltr'>per</span> <span class='ocrx_word' id='word_1_32' title='bbox 1530 1056 1645 1126; x_wconf 92' lang='lat' dir='ltr'>omnia</span> <span class='ocrx_word' id='word_1_33' title='bbox 1663 1057 1751 1128; x_wconf 89' lang='lat' dir='ltr'>sicut</span> <span class='ocrx_word' id='word_1_34' title='bbox 1769 1058 1893 1146; x_wconf 90' lang='lat' dir='ltr'>aliquis</span> 
     </span>
     <span class='ocr_line' id='line_1_5' title="bbox 533 1157 1891 1248; baseline 0.002 -19"><span class='ocrx_word' id='word_1_35' title='bbox 533 1181 667 1230; x_wconf 73' lang='lat' dir='ltr'>annum</span> <span class='ocrx_word' id='word_1_36' title='bbox 684 1160 836 1228; x_wconf 88' lang='lat' dir='ltr'>redditus</span> <span class='ocrx_word' id='word_1_37' title='bbox 849 1159 936 1228; x_wconf 89' lang='lat' dir='ltr'>inira</span> <span class='ocrx_word' id='word_1_38' title='bbox 950 1179 1091 1246; x_wconf 88' lang='lat' dir='ltr'>regnum</span> <span class='ocrx_word' id='word_1_39' title='bbox 1108 1157 1218 1227; x_wconf 84' lang='lat' dir='ltr'>scocie</span> <span class='ocrx_word' id='word_1_40' title='bbox 1232 1159 1402 1248; x_wconf 87' lang='lat' dir='ltr'>inpuram</span> <span class='ocrx_word' id='word_1_41' title='bbox 1418 1161 1637 1232; x_wconf 80' lang='lat' dir='ltr'>elemosinam</span> <span class='ocrx_word' id='word_1_42' title='bbox 1655 1165 1756 1232; x_wconf 87' lang='lat' dir='ltr'>datur</span> <span class='ocrx_word' id='word_1_43' title='bbox 1773 1185 1891 1233; x_wconf 88' lang='lat' dir='ltr'>conce·</span> 
     </span>
     <span class='ocr_line' id='line_1_6' title="bbox 533 1263 1893 1352; baseline 0.002 -17"><span class='ocrx_word' id='word_1_44' title='bbox 533 1265 624 1337; x_wconf 91' lang='lat' dir='ltr'>ditur</span> <span class='ocrx_word' id='word_1_45' title='bbox 650 1274 709 1336; x_wconf 91' lang='lat' dir='ltr'>aut</span> <span class='ocrx_word' id='word_1_46' title='bbox 736 1265 926 1352; x_wconf 90' lang='lat' dir='ltr'>possidetur</span> <span class='ocrx_word' id='word_1_47' title='bbox 937 1263 1011 1336; x_wconf 88' lang='lat' dir='ltr'>sine</span> <span class='ocrx_word' id='word_1_48' title='bbox 1032 1263 1251 1336; x_wconf 80' lang='lat' dir='ltr'>reuocacione&#39;</span> <span class='ocrx_word' id='word_1_49' title='bbox 1274 1265 1518 1336; x_wconf 85' lang='lat' dir='ltr'>reclamacione</span> <span class='ocrx_word' id='word_1_50' title='bbox 1541 1277 1600 1336; x_wconf 91' lang='lat' dir='ltr'>aut</span> <span class='ocrx_word' id='word_1_51' title='bbox 1627 1268 1893 1338; x_wconf 73' lang='lat' dir='ltr'>contradictione</span> 
     </span>
     <span class='ocr_line' id='line_1_7' title="bbox 534 1369 1892 1460; baseline 0.001 -20"><span class='ocrx_word' id='word_1_52' title='bbox 534 1369 672 1460; x_wconf 79' lang='lat' dir='ltr'>aliquali</span> <span class='ocrx_word' id='word_1_53' title='bbox 690 1369 757 1438; x_wconf 90' lang='lat' dir='ltr'>mei</span> <span class='ocrx_word' id='word_1_54' title='bbox 777 1369 938 1438; x_wconf 90' lang='lat' dir='ltr'>heredum</span> <span class='ocrx_word' id='word_1_55' title='bbox 962 1391 1114 1438; x_wconf 90' lang='lat' dir='ltr'>meorum</span> <span class='ocrx_word' id='word_1_56' title='bbox 1138 1381 1197 1438; x_wconf 89' lang='lat' dir='ltr'>aut</span> <span class='ocrx_word' id='word_1_57' title='bbox 1220 1371 1469 1458; x_wconf 87' lang='lat' dir='ltr'>assignatorum</span> <span class='ocrx_word' id='word_1_58' title='bbox 1491 1393 1551 1440; x_wconf 86' lang='lat' dir='ltr'>seu</span> <span class='ocrx_word' id='word_1_59' title='bbox 1572 1372 1714 1442; x_wconf 87' lang='lat' dir='ltr'>aliorum</span> <span class='ocrx_word' id='word_1_60' title='bbox 1735 1393 1892 1459; x_wconf 86' lang='lat' dir='ltr'>quorum·</span> 
     </span>
     <span class='ocr_line' id='line_1_8' title="bbox 533 1476 1892 1566; baseline -0.003 -16"><span class='ocrx_word' id='word_1_61' title='bbox 533 1498 665 1566; x_wconf 90' lang='lat' dir='ltr'>cunque</span> <span class='ocrx_word' id='word_1_62' title='bbox 683 1476 820 1546; x_wconf 88' lang='lat' dir='ltr'>nomine</span> <span class='ocrx_word' id='word_1_63' title='bbox 840 1485 956 1544; x_wconf 91' lang='lat' dir='ltr'>nostro</span> <span class='ocrx_word' id='word_1_64' title='bbox 971 1485 1030 1544; x_wconf 91' lang='lat' dir='ltr'>aut</span> <span class='ocrx_word' id='word_1_65' title='bbox 1046 1485 1197 1564; x_wconf 84' lang='lat' dir='ltr'>exparte</span> <span class='ocrx_word' id='word_1_66' title='bbox 1215 1488 1332 1545; x_wconf 91' lang='lat' dir='ltr'>nostra</span> <span class='ocrx_word' id='word_1_67' title='bbox 1349 1479 1568 1548; x_wconf 87' lang='lat' dir='ltr'>Reseruando</span> <span class='ocrx_word' id='word_1_68' title='bbox 1584 1499 1643 1566; x_wconf 86' lang='lat' dir='ltr'>per</span> <span class='ocrx_word' id='word_1_69' title='bbox 1657 1477 1772 1547; x_wconf 86' lang='lat' dir='ltr'>omnia</span> <span class='ocrx_word' id='word_1_70' title='bbox 1788 1477 1892 1548; x_wconf 89' lang='lat' dir='ltr'>michi</span> 
     </span>
     <span class='ocr_line' id='line_1_9' title="bbox 533 1582 1892 1674; baseline -0.001 -20"><span class='ocrx_word' id='word_1_71' title='bbox 533 1583 597 1674; x_wconf 85' lang='lat' dir='ltr'>ipsi</span> <span class='ocrx_word' id='word_1_72' title='bbox 620 1583 748 1653; x_wconf 89' lang='lat' dir='ltr'>dictum</span> <span class='ocrx_word' id='word_1_73' title='bbox 767 1603 918 1651; x_wconf 89' lang='lat' dir='ltr'>annuum</span> <span class='ocrx_word' id='word_1_74' title='bbox 939 1582 1106 1651; x_wconf 88' lang='lat' dir='ltr'>redditum</span> <span class='ocrx_word' id='word_1_75' title='bbox 1122 1591 1270 1670; x_wconf 91' lang='lat' dir='ltr'>prototo</span> <span class='ocrx_word' id='word_1_76' title='bbox 1289 1591 1441 1670; x_wconf 86' lang='lat' dir='ltr'>tempore</span> <span class='ocrx_word' id='word_1_77' title='bbox 1460 1583 1529 1651; x_wconf 84' lang='lat' dir='ltr'>vite</span> <span class='ocrx_word' id='word_1_78' title='bbox 1549 1605 1624 1652; x_wconf 89' lang='lat' dir='ltr'>mee</span> <span class='ocrx_word' id='word_1_79' title='bbox 1646 1585 1824 1653; x_wconf 79' lang='lat' dir='ltr'>dumtaxat</span> <span class='ocrx_word' id='word_1_80' title='bbox 1846 1585 1892 1654; x_wconf 85' lang='lat' dir='ltr'>Et</span> 
     </span>
     <span class='ocr_line' id='line_1_10' title="bbox 533 1687 1892 1775; baseline 0 -17"><span class='ocrx_word' id='word_1_81' title='bbox 533 1711 597 1775; x_wconf 86' lang='lat' dir='ltr'>ego</span> <span class='ocrx_word' id='word_1_82' title='bbox 611 1711 690 1758; x_wconf 89' lang='lat' dir='ltr'>vero</span> <span class='ocrx_word' id='word_1_83' title='bbox 708 1689 820 1757; x_wconf 89' lang='lat' dir='ltr'>dictus</span> <span class='ocrx_word' id='word_1_84' title='bbox 837 1687 995 1756; x_wconf 88' lang='lat' dir='ltr'>dominus</span> <span class='ocrx_word' id='word_1_85' title='bbox 1009 1689 1185 1759; x_wconf 85' lang='lat' dir='ltr'>Walterus</span> <span class='ocrx_word' id='word_1_86' title='bbox 1200 1687 1311 1775; x_wconf 91' lang='lat' dir='ltr'>obligo</span> <span class='ocrx_word' id='word_1_87' title='bbox 1327 1711 1382 1757; x_wconf 91' lang='lat' dir='ltr'>me</span> <span class='ocrx_word' id='word_1_88' title='bbox 1397 1699 1431 1757; x_wconf 83' lang='lat' dir='ltr'>et</span> <span class='ocrx_word' id='word_1_89' title='bbox 1449 1687 1590 1758; x_wconf 87' lang='lat' dir='ltr'>heredes</span> <span class='ocrx_word' id='word_1_90' title='bbox 1604 1709 1699 1758; x_wconf 87' lang='lat' dir='ltr'>meos</span> <span class='ocrx_word' id='word_1_91' title='bbox 1714 1691 1757 1759; x_wconf 87' lang='lat' dir='ltr'>ad</span> <span class='ocrx_word' id='word_1_92' title='bbox 1771 1709 1892 1760; x_wconf 85' lang='lat' dir='ltr'>varan·</span> 
     </span>
     <span class='ocr_line' id='line_1_11' title="bbox 533 1791 1927 1878; baseline 0.001 -17"><span class='ocrx_word' id='word_1_93' title='bbox 533 1791 706 1861; x_wconf 82' lang='lat' dir='ltr'>tizandum</span> <span class='ocrx_word' id='word_1_94' title='bbox 737 1791 998 1878; x_wconf 88' lang='lat' dir='ltr'>acquietandum</span> <span class='ocrx_word' id='word_1_95' title='bbox 1024 1801 1059 1859; x_wconf 86' lang='lat' dir='ltr'>et</span> <span class='ocrx_word' id='word_1_96' title='bbox 1084 1791 1330 1860; x_wconf 84' lang='lat' dir='ltr'>defendendum</span> <span class='ocrx_word' id='word_1_97' title='bbox 1367 1792 1496 1861; x_wconf 92' lang='lat' dir='ltr'>dictum</span> <span class='ocrx_word' id='word_1_98' title='bbox 1534 1813 1686 1864; x_wconf 89' lang='lat' dir='ltr'>annuum</span> <span class='ocrx_word' id='word_1_99' title='bbox 1722 1793 1891 1862; x_wconf 88' lang='lat' dir='ltr'>redditum</span> <span class='ocrx_word' id='word_1_100' title='bbox 1919 1797 1927 1814; x_wconf 79' lang='lat'><em>⁶</em></span> 
     </span>
     <span class='ocr_line' id='line_1_12' title="bbox 534 1895 1892 1986; baseline 0.001 -21"><span class='ocrx_word' id='word_1_101' title='bbox 534 1899 651 1966; x_wconf 87' lang='lat' dir='ltr'>decern</span> <span class='ocrx_word' id='word_1_102' title='bbox 675 1895 859 1964; x_wconf 85' lang='lat' dir='ltr'>solidorum</span> <span class='ocrx_word' id='word_1_103' title='bbox 883 1896 983 1964; x_wconf 89' lang='lat' dir='ltr'>dictis</span> <span class='ocrx_word' id='word_1_104' title='bbox 1007 1897 1193 1983; x_wconf 85' lang='lat' dir='ltr'>capellanis</span> <span class='ocrx_word' id='word_1_105' title='bbox 1216 1907 1249 1964; x_wconf 88' lang='lat' dir='ltr'>et</span> <span class='ocrx_word' id='word_1_106' title='bbox 1274 1896 1353 1965; x_wconf 84' lang='lat' dir='ltr'>suis&#39;</span> <span class='ocrx_word' id='word_1_107' title='bbox 1369 1898 1620 1966; x_wconf 85' lang='lat' dir='ltr'>successoribus</span> <span class='ocrx_word' id='word_1_108' title='bbox 1644 1897 1831 1986; x_wconf 88' lang='lat' dir='ltr'>capellanis</span> <span class='ocrx_word' id='word_1_109' title='bbox 1856 1897 1892 1966; x_wconf 94' lang='lat' dir='ltr'>ln</span> 
     </span>
     <span class='ocr_line' id='line_1_13' title="bbox 534 2001 1893 2090; baseline 0.001 -22"><span class='ocrx_word' id='word_1_110' title='bbox 534 2001 691 2070; x_wconf 81' lang='lat' dir='ltr'>omnibus</span> <span class='ocrx_word' id='word_1_111' title='bbox 714 2011 748 2070; x_wconf 90' lang='lat' dir='ltr'>et</span> <span class='ocrx_word' id='word_1_112' title='bbox 772 2021 833 2088; x_wconf 89' lang='lat' dir='ltr'>per</span> <span class='ocrx_word' id='word_1_113' title='bbox 855 2001 970 2069; x_wconf 89' lang='lat' dir='ltr'>omnia</span> <span class='ocrx_word' id='word_1_114' title='bbox 994 2011 1031 2069; x_wconf 90' lang='lat' dir='ltr'>ut</span> <span class='ocrx_word' id='word_1_115' title='bbox 1055 2001 1257 2088; x_wconf 89' lang='lat' dir='ltr'>premissum</span> <span class='ocrx_word' id='word_1_116' title='bbox 1282 2011 1335 2070; x_wconf 89' lang='lat' dir='ltr'>est</span> <span class='ocrx_word' id='word_1_117' title='bbox 1359 2013 1477 2071; x_wconf 88' lang='lat' dir='ltr'>contra</span> <span class='ocrx_word' id='word_1_118' title='bbox 1503 2022 1623 2070; x_wconf 86' lang='lat' dir='ltr'>omnes</span> <span class='ocrx_word' id='word_1_119' title='bbox 1648 2001 1809 2070; x_wconf 79' lang='lat' dir='ltr'>mortales</span> <span class='ocrx_word' id='word_1_120' title='bbox 1833 2021 1893 2090; x_wconf 84' lang='lat' dir='ltr'>per</span> 
     </span>
     <span class='ocr_line' id='line_1_14' title="bbox 534 2105 1892 2192; baseline 0 -17"><span class='ocrx_word' id='word_1_121' title='bbox 534 2127 653 2175; x_wconf 87' lang='lat' dir='ltr'>omnes</span> <span class='ocrx_word' id='word_1_122' title='bbox 670 2115 779 2176; x_wconf 87' lang='lat' dir='ltr'>terras</span> <span class='ocrx_word' id='word_1_123' title='bbox 793 2115 827 2174; x_wconf 88' lang='lat' dir='ltr'>et</span> <span class='ocrx_word' id='word_1_124' title='bbox 843 2105 1074 2192; x_wconf 88' lang='lat' dir='ltr'>possessiones</span> <span class='ocrx_word' id='word_1_125' title='bbox 1093 2127 1188 2174; x_wconf 88' lang='lat' dir='ltr'>meas</span> <span class='ocrx_word' id='word_1_126' title='bbox 1205 2107 1341 2174; x_wconf 89' lang='lat' dir='ltr'>habitas</span> <span class='ocrx_word' id='word_1_127' title='bbox 1355 2117 1389 2174; x_wconf 87' lang='lat' dir='ltr'>et</span> <span class='ocrx_word' id='word_1_128' title='bbox 1408 2107 1583 2176; x_wconf 85' lang='lat' dir='ltr'>habendas</span> <span class='ocrx_word' id='word_1_129' title='bbox 1600 2107 1757 2176; x_wconf 89' lang='lat' dir='ltr'>omnibus</span> <span class='ocrx_word' id='word_1_130' title='bbox 1774 2107 1892 2176; x_wconf 82' lang='lat' dir='ltr'>hands</span> 
     </span>
     <span class='ocr_line' id='line_1_15' title="bbox 533 2210 1892 2299; baseline 0 -19"><span class='ocrx_word' id='word_1_131' title='bbox 533 2220 568 2280; x_wconf 86' lang='lat' dir='ltr'>et</span> <span class='ocrx_word' id='word_1_132' title='bbox 591 2211 669 2280; x_wconf 90' lang='lat' dir='ltr'>dolo</span> <span class='ocrx_word' id='word_1_133' title='bbox 691 2210 831 2278; x_wconf 86' lang='lat' dir='ltr'>semotis</span> <span class='ocrx_word' id='word_1_134' title='bbox 855 2211 1108 2298; x_wconf 85' lang='lat' dir='ltr'>Imperpetuum</span> <span class='ocrx_word' id='word_1_135' title='bbox 1133 2211 1173 2278; x_wconf 92' lang='lat' dir='ltr'>ln</span> <span class='ocrx_word' id='word_1_136' title='bbox 1196 2212 1293 2278; x_wconf 88' lang='lat' dir='ltr'>cuius</span> <span class='ocrx_word' id='word_1_137' title='bbox 1314 2211 1547 2279; x_wconf 85' lang='lat' dir='ltr'>testimonium</span> <span class='ocrx_word' id='word_1_138' title='bbox 1570 2211 1618 2280; x_wconf 90' lang='lat' dir='ltr'>rei</span> <span class='ocrx_word' id='word_1_139' title='bbox 1644 2211 1724 2280; x_wconf 90' lang='lat' dir='ltr'>huic</span> <span class='ocrx_word' id='word_1_140' title='bbox 1743 2211 1892 2299; x_wconf 88' lang='lat' dir='ltr'>presentl</span> 
     </span>
     <span class='ocr_line' id='line_1_16' title="bbox 533 2313 1893 2406; baseline 0 -22"><span class='ocrx_word' id='word_1_141' title='bbox 533 2325 627 2384; x_wconf 85' lang='lat' dir='ltr'>carte</span> <span class='ocrx_word' id='word_1_142' title='bbox 646 2337 721 2385; x_wconf 88' lang='lat' dir='ltr'>mee</span> <span class='ocrx_word' id='word_1_143' title='bbox 741 2315 898 2402; x_wconf 82' lang='lat' dir='ltr'>Sigillum</span> <span class='ocrx_word' id='word_1_144' title='bbox 917 2335 1030 2384; x_wconf 90' lang='lat' dir='ltr'>meum</span> <span class='ocrx_word' id='word_1_145' title='bbox 1049 2325 1101 2383; x_wconf 88' lang='lat' dir='ltr'>est</span> <span class='ocrx_word' id='word_1_146' title='bbox 1120 2313 1306 2404; x_wconf 88' lang='lat' dir='ltr'>appensum</span> <span class='ocrx_word' id='word_1_147' title='bbox 1328 2317 1418 2406; x_wconf 78' lang='lat' dir='ltr'>apud</span> <span class='ocrx_word' id='word_1_148' title='bbox 1438 2315 1607 2384; x_wconf 81' lang='lat' dir='ltr'>Abirdene</span> <span class='ocrx_word' id='word_1_149' title='bbox 1624 2315 1755 2386; x_wconf 85' lang='lat' dir='ltr'>decimo</span> <span class='ocrx_word' id='word_1_150' title='bbox 1773 2315 1893 2403; x_wconf 89' lang='lat' dir='ltr'>quinto</span> 
     </span>
     <span class='ocr_line' id='line_1_17' title="bbox 533 2419 1892 2510; baseline 0 -20"><span class='ocrx_word' id='word_1_151' title='bbox 533 2421 743 2490; x_wconf 72' lang='lat' dir='ltr'>dianiensis</span> <span class='ocrx_word' id='word_1_152' title='bbox 770 2420 849 2507; x_wconf 88' lang='lat' dir='ltr'>maij</span> <span class='ocrx_word' id='word_1_153' title='bbox 874 2441 965 2489; x_wconf 89' lang='lat' dir='ltr'>auno</span> <span class='ocrx_word' id='word_1_154' title='bbox 991 2419 1118 2507; x_wconf 89' lang='lat' dir='ltr'>dominj</span> <span class='ocrx_word' id='word_1_155' title='bbox 1146 2420 1327 2490; x_wconf 89' lang='lat' dir='ltr'>millesimo</span> <span class='ocrx_word' id='word_1_156' title='bbox 1354 2421 1626 2510; x_wconf 86' lang='lat' dir='ltr'>quingentesimo</span> <span class='ocrx_word' id='word_1_157' title='bbox 1651 2421 1814 2492; x_wconf 86' lang='lat' dir='ltr'>vicesimo</span> <span class='ocrx_word' id='word_1_158' title='bbox 1841 2443 1892 2490; x_wconf 89' lang='lat' dir='ltr'>se·</span> 
     </span>
     <span class='ocr_line' id='line_1_18' title="bbox 533 2525 1235 2614; baseline -0.007 -17"><span class='ocrx_word' id='word_1_159' title='bbox 533 2529 645 2597; x_wconf 83' lang='lat' dir='ltr'>cundo</span> <span class='ocrx_word' id='word_1_160' title='bbox 659 2526 872 2614; x_wconf 75' lang='lat' dir='ltr'>presentibus</span> <span class='ocrx_word' id='word_1_161' title='bbox 887 2525 1140 2594; x_wconf 82' lang='lat' dir='ltr'>honorabilibus</span> <span class='ocrx_word' id='word_1_162' title='bbox 1153 2525 1235 2594; x_wconf 86' lang='lat' dir='ltr'>viris</span> 
     </span>
    </p>
   </div>
   <div class='ocr_carea' id='block_1_3' title="bbox 634 2700 1826 3206">
    <p class='ocr_par' dir='ltr' id='par_1_3' title="bbox 684 2700 1826 2894">
     <span class='ocr_line' id='line_1_19' title="bbox 684 2700 1826 2794; baseline -0.004 -22"><span class='ocrx_word' id='word_1_163' title='bbox 684 2701 741 2772; x_wconf 86' lang='lat' dir='ltr'>lta</span> <span class='ocrx_word' id='word_1_164' title='bbox 755 2711 807 2770; x_wconf 88' lang='lat' dir='ltr'>est</span> <span class='ocrx_word' id='word_1_165' title='bbox 822 2701 976 2770; x_wconf 87' lang='lat' dir='ltr'>Thomas</span> <span class='ocrx_word' id='word_1_166' title='bbox 991 2700 1161 2782; x_wconf 86' lang='lat' dir='ltr'>chawmcr</span> <span class='ocrx_word' id='word_1_167' title='bbox 1174 2709 1313 2770; x_wconf 86' lang='lat' dir='ltr'>curatus</span> <span class='ocrx_word' id='word_1_168' title='bbox 1327 2703 1369 2770; x_wconf 90' lang='lat' dir='ltr'>de</span> <span class='ocrx_word' id='word_1_169' title='bbox 1383 2701 1558 2794; x_wconf 83' lang='lat' dir='ltr'>Aberdene</span> <span class='ocrx_word' id='word_1_170' title='bbox 1573 2722 1677 2770; x_wconf 89' lang='lat' dir='ltr'>manu</span> <span class='ocrx_word' id='word_1_171' title='bbox 1691 2701 1826 2790; x_wconf 76' lang='lat' dir='ltr'>propria</span> 
     </span>
     <span class='ocr_line' id='line_1_20' title="bbox 685 2805 1372 2894; baseline 0 -18"><span class='ocrx_word' id='word_1_172' title='bbox 685 2805 843 2876; x_wconf 87' lang='lat' dir='ltr'>dominus</span> <span class='ocrx_word' id='word_1_173' title='bbox 856 2807 1012 2876; x_wconf 80' lang='lat' dir='ltr'>Andreas</span> <span class='ocrx_word' id='word_1_174' title='bbox 1021 2805 1103 2894; x_wconf 85' lang='lat' dir='ltr'>culp</span> <span class='ocrx_word' id='word_1_175' title='bbox 1117 2825 1222 2876; x_wconf 88' lang='lat' dir='ltr'>manu</span> <span class='ocrx_word' id='word_1_176' title='bbox 1236 2806 1372 2894; x_wconf 88' lang='lat' dir='ltr'>propria</span> 
     </span>
    </p>

    <p class='ocr_par' dir='ltr' id='par_1_4' title="bbox 634 2907 1803 3206">
     <span class='ocr_line' id='line_1_21' title="bbox 634 2907 1606 3000; baseline 0 -22"><span class='ocrx_word' id='word_1_177' title='bbox 634 2943 638 2952; x_wconf 91' lang='lat'><strong>·</strong></span> <span class='ocrx_word' id='word_1_178' title='bbox 684 2908 843 2978; x_wconf 85' lang='lat' dir='ltr'>dominus</span> <span class='ocrx_word' id='word_1_179' title='bbox 857 2907 1201 3000; x_wconf 55' lang='lat' dir='ltr'>Willelmffimw</span> <span class='ocrx_word' id='word_1_180' title='bbox 1215 2911 1258 2999; x_wconf 80' lang='lat' dir='ltr'>qd</span> <span class='ocrx_word' id='word_1_181' title='bbox 1273 2910 1337 2978; x_wconf 86' lang='lat' dir='ltr'>bec</span> <span class='ocrx_word' id='word_1_182' title='bbox 1353 2931 1457 2997; x_wconf 73' lang='lat' dir='ltr'>manu</span> <span class='ocrx_word' id='word_1_183' title='bbox 1472 2909 1606 3000; x_wconf 89' lang='lat' dir='ltr'>propria</span> 
     </span>
     <span class='ocr_line' id='line_1_22' title="bbox 684 3011 1625 3102; baseline -0.004 -19"><span class='ocrx_word' id='word_1_184' title='bbox 684 3011 843 3083; x_wconf 88' lang='lat' dir='ltr'>dominus</span> <span class='ocrx_word' id='word_1_185' title='bbox 857 3011 1053 3102; x_wconf 72' lang='lat' dir='ltr'>Willelmqa</span> <span class='ocrx_word' id='word_1_186' title='bbox 1062 3011 1219 3100; x_wconf 80' lang='lat' dir='ltr'>phileppi</span> <span class='ocrx_word' id='word_1_187' title='bbox 1233 3013 1278 3082; x_wconf 91' lang='lat' dir='ltr'>ad</span> <span class='ocrx_word' id='word_1_188' title='bbox 1292 3013 1355 3080; x_wconf 91' lang='lat' dir='ltr'>hec</span> <span class='ocrx_word' id='word_1_189' title='bbox 1372 3035 1474 3095; x_wconf 82' lang='lat' dir='ltr'>manu</span> <span class='ocrx_word' id='word_1_190' title='bbox 1490 3013 1625 3100; x_wconf 88' lang='lat' dir='ltr'>propria</span> 
     </span>
     <span class='ocr_line' id='line_1_23' title="bbox 684 3115 1803 3206; baseline 0 -18"><span class='ocrx_word' id='word_1_191' title='bbox 684 3117 881 3188; x_wconf 87' lang='lat' dir='ltr'>Willelmus</span> <span class='ocrx_word' id='word_1_192' title='bbox 895 3116 1089 3204; x_wconf 83' lang='lat' dir='ltr'>philipsoun</span> <span class='ocrx_word' id='word_1_193' title='bbox 1104 3115 1268 3206; x_wconf 83' lang='lat' dir='ltr'>presbiter</span> <span class='ocrx_word' id='word_1_194' title='bbox 1282 3120 1325 3188; x_wconf 84' lang='lat' dir='ltr'>ad</span> <span class='ocrx_word' id='word_1_195' title='bbox 1340 3118 1404 3186; x_wconf 90' lang='lat' dir='ltr'>hec</span> <span class='ocrx_word' id='word_1_196' title='bbox 1419 3139 1523 3191; x_wconf 86' lang='lat' dir='ltr'>manu</span> <span class='ocrx_word' id='word_1_197' title='bbox 1538 3119 1673 3206; x_wconf 88' lang='lat' dir='ltr'>propria</span> <span class='ocrx_word' id='word_1_198' title='bbox 1688 3119 1738 3188; x_wconf 89' lang='lat' dir='ltr'>ita</span> <span class='ocrx_word' id='word_1_199' title='bbox 1752 3129 1803 3188; x_wconf 83' lang='lat' dir='ltr'>est</span> 
     </span>
    </p>
   </div>
   <div class='ocr_carea' id='block_1_4' title="bbox 311 3549 1893 4584">
    <p class='ocr_par' dir='ltr' id='par_1_5' title="bbox 311 3549 1893 4071">
     <span class='ocr_line' id='line_1_24' title="bbox 312 3549 1893 3643; baseline 0.005 -31"><span class='ocrx_word' id='word_1_200' title='bbox 312 3561 355 3614; x_wconf 80' lang='lat' dir='ltr'>ror.</span> <span class='ocrx_word' id='word_1_201' title='bbox 372 3559 424 3614; x_wconf 80' lang='lat' dir='ltr'>ro·</span> <span class='ocrx_word' id='word_1_202' title='bbox 630 3552 819 3624; x_wconf 85' lang='lat' dir='ltr'>MNIBUS</span> <span class='ocrx_word' id='word_1_203' title='bbox 844 3551 933 3618; x_wconf 88' lang='lat' dir='ltr'>hanc</span> <span class='ocrx_word' id='word_1_204' title='bbox 958 3559 1088 3643; x_wconf 78' lang='lat' dir='ltr'>cartam</span> <span class='ocrx_word' id='word_1_205' title='bbox 1112 3549 1235 3620; x_wconf 87' lang='lat' dir='ltr'>visuris</span> <span class='ocrx_word' id='word_1_206' title='bbox 1257 3550 1309 3634; x_wconf 72' lang='lat' dir='ltr'>uel</span> <span class='ocrx_word' id='word_1_207' title='bbox 1333 3550 1499 3620; x_wconf 86' lang='lat' dir='ltr'>audituris</span> <span class='ocrx_word' id='word_1_208' title='bbox 1524 3549 1694 3620; x_wconf 88' lang='lat' dir='ltr'>Dominus</span> <span class='ocrx_word' id='word_1_209' title='bbox 1721 3551 1893 3622; x_wconf 86' lang='lat' dir='ltr'>lohannes</span> 
     </span>
     <span class='ocr_line' id='line_1_25' title="bbox 312 3655 1891 3758; baseline 0 -30"><span class='ocrx_word' id='word_1_210' title='bbox 312 3691 401 3744; x_wconf 53' lang='lat' dir='ltr'>‘pergo</span> <span class='ocrx_word' id='word_1_211' title='bbox 412 3691 477 3758; x_wconf 42' lang='grc' dir='ltr'>Μή</span> <span class='ocrx_word' id='word_1_212' title='bbox 671 3679 784 3728; x_wconf 86' lang='lat' dir='ltr'>wauss</span> <span class='ocrx_word' id='word_1_213' title='bbox 803 3655 968 3744; x_wconf 85' lang='lat' dir='ltr'>presbiter</span> <span class='ocrx_word' id='word_1_214' title='bbox 986 3665 1181 3726; x_wconf 88' lang='lat' dir='ltr'>sanctorum</span> <span class='ocrx_word' id='word_1_215' title='bbox 1203 3657 1318 3726; x_wconf 84' lang='lat' dir='ltr'>iacobi</span> <span class='ocrx_word' id='word_1_216' title='bbox 1340 3655 1476 3744; x_wconf 77' lang='lat' dir='ltr'>martini</span> <span class='ocrx_word' id='word_1_217' title='bbox 1500 3666 1535 3726; x_wconf 88' lang='lat' dir='ltr'>et</span> <span class='ocrx_word' id='word_1_218' title='bbox 1557 3657 1710 3728; x_wconf 88' lang='lat' dir='ltr'>katerine</span> <span class='ocrx_word' id='word_1_219' title='bbox 1732 3658 1891 3728; x_wconf 87' lang='lat' dir='ltr'>altarium</span> 
     </span>
     <span class='ocr_line' id='line_1_26' title="bbox 313 3757 1891 3873; baseline 0 -41"><span class='ocrx_word' id='word_1_220' title='bbox 313 3757 496 3873; x_wconf 45' lang='lat' dir='ltr'>¹⁶⁰³ql³¹⁰i¹³ffi</span> <span class='ocrx_word' id='word_1_221' title='bbox 534 3765 569 3832; x_wconf 95' lang='lat' dir='ltr'>in</span> <span class='ocrx_word' id='word_1_222' title='bbox 600 3765 729 3850; x_wconf 86' lang='lat' dir='ltr'>templo</span> <span class='ocrx_word' id='word_1_223' title='bbox 765 3760 950 3849; x_wconf 80' lang='lat' dir='ltr'>parochiali</span> <span class='ocrx_word' id='word_1_224' title='bbox 978 3761 1048 3847; x_wconf 88' lang='lat' dir='ltr'>diuj</span> <span class='ocrx_word' id='word_1_225' title='bbox 1088 3761 1258 3848; x_wconf 86' lang='lat' dir='ltr'>Nicholaij</span> <span class='ocrx_word' id='word_1_226' title='bbox 1291 3761 1386 3848; x_wconf 82' lang='lat' dir='ltr'>burgi</span> <span class='ocrx_word' id='word_1_227' title='bbox 1415 3763 1458 3830; x_wconf 88' lang='lat' dir='ltr'>de</span> <span class='ocrx_word' id='word_1_228' title='bbox 1485 3760 1655 3830; x_wconf 85' lang='lat' dir='ltr'>Abirdcne</span> <span class='ocrx_word' id='word_1_229' title='bbox 1687 3761 1891 3832; x_wconf 82' lang='lat' dir='ltr'>situatorunr</span> 
     </span>
     <span class='ocr_line' id='line_1_27' title="bbox 311 3823 1892 3958; baseline -0.003 -18"><span class='ocrx_word' id='word_1_230' title='bbox 311 3823 513 3940; x_wconf 53' lang='lat' dir='ltr'>iim?</span> <span class='ocrx_word' id='word_1_231' title='bbox 534 3869 739 3958; x_wconf 85' lang='lat' dir='ltr'>Capellanua</span> <span class='ocrx_word' id='word_1_232' title='bbox 760 3875 943 3954; x_wconf 88' lang='lat' dir='ltr'>perpetuus</span> <span class='ocrx_word' id='word_1_233' title='bbox 965 3865 1111 3952; x_wconf 79' lang='lat' dir='ltr'>salutem</span> <span class='ocrx_word' id='word_1_234' title='bbox 1127 3865 1162 3934; x_wconf 87' lang='lat' dir='ltr'>in</span> <span class='ocrx_word' id='word_1_235' title='bbox 1177 3864 1314 3935; x_wconf 91' lang='lat' dir='ltr'>domino</span> <span class='ocrx_word' id='word_1_236' title='bbox 1330 3865 1571 3954; x_wconf 85' lang='lat' dir='ltr'>sempiternam</span> <span class='ocrx_word' id='word_1_237' title='bbox 1587 3865 1757 3954; x_wconf 81' lang='lat' dir='ltr'>Quoniam</span> <span class='ocrx_word' id='word_1_238' title='bbox 1772 3887 1892 3936; x_wconf 68' lang='lat' dir='ltr'>meun-</span> 
     </span>
     <span class='ocr_line' id='line_1_28' title="bbox 366 3953 1891 4071; baseline -0.001 -29"><span class='ocrx_word' id='word_1_239' title='bbox 366 3953 513 4071; x_wconf 48' lang='lat' dir='ltr'>nullm</span> <span class='ocrx_word' id='word_1_240' title='bbox 533 3975 615 4042; x_wconf 88' lang='lat' dir='ltr'>dum</span> <span class='ocrx_word' id='word_1_241' title='bbox 644 3971 859 4060; x_wconf 88' lang='lat' dir='ltr'>appostolum</span> <span class='ocrx_word' id='word_1_242' title='bbox 888 3969 1064 4040; x_wconf 84' lang='lat' dir='ltr'>ciuitatem</span> <span class='ocrx_word' id='word_1_243' title='bbox 1094 3991 1162 4039; x_wconf 93' lang='lat' dir='ltr'>non</span> <span class='ocrx_word' id='word_1_244' title='bbox 1191 3971 1357 4038; x_wconf 90' lang='lat' dir='ltr'>habemus</span> <span class='ocrx_word' id='word_1_245' title='bbox 1380 3969 1436 4038; x_wconf 93' lang='lat' dir='ltr'>hic</span> <span class='ocrx_word' id='word_1_246' title='bbox 1465 3979 1732 4056; x_wconf 86' lang='lat' dir='ltr'>permanentem</span> <span class='ocrx_word' id='word_1_247' title='bbox 1750 3979 1784 4040; x_wconf 91' lang='lat' dir='ltr'>et</span> <span class='ocrx_word' id='word_1_248' title='bbox 1810 3971 1891 4042; x_wconf 88' lang='lat' dir='ltr'>alibi</span> 
     </span>
    </p>

    <p class='ocr_par' dir='ltr' id='par_1_6' title="bbox 437 4074 1892 4168">
     <span class='ocr_line' id='line_1_29' title="bbox 437 4074 1892 4168; baseline -0.002 -22"><span class='ocrx_word' id='word_1_249' title='bbox 437 4135 441 4146; x_wconf 88' lang='lat'><em>.</em></span> <span class='ocrx_word' id='word_1_250' title='bbox 533 4077 600 4168; x_wconf 87' lang='lat' dir='ltr'>Qui</span> <span class='ocrx_word' id='word_1_251' title='bbox 622 4077 768 4148; x_wconf 86' lang='lat' dir='ltr'>seminat</span> <span class='ocrx_word' id='word_1_252' title='bbox 791 4075 826 4144; x_wconf 91' lang='lat' dir='ltr'>in</span> <span class='ocrx_word' id='word_1_253' title='bbox 849 4075 1139 4144; x_wconf 83' lang='lat' dir='ltr'>benedictionibus</span> <span class='ocrx_word' id='word_1_254' title='bbox 1153 4077 1195 4146; x_wconf 90' lang='lat' dir='ltr'>de</span> <span class='ocrx_word' id='word_1_255' title='bbox 1218 4075 1507 4146; x_wconf 83' lang='lat' dir='ltr'>benedictionibus</span> <span class='ocrx_word' id='word_1_256' title='bbox 1522 4083 1556 4142; x_wconf 87' lang='lat' dir='ltr'>et</span> <span class='ocrx_word' id='word_1_257' title='bbox 1574 4083 1680 4144; x_wconf 87' lang='lat' dir='ltr'>metet</span> <span class='ocrx_word' id='word_1_258' title='bbox 1696 4074 1821 4144; x_wconf 82' lang='lat' dir='ltr'>Sciatis</span> <span class='ocrx_word' id='word_1_259' title='bbox 1836 4097 1892 4144; x_wconf 89' lang='lat' dir='ltr'>me</span> 
     </span>
    </p>

    <p class='ocr_par' dir='ltr' id='par_1_7' title="bbox 533 4179 1892 4268">
     <span class='ocr_line' id='line_1_30' title="bbox 533 4179 1892 4268; baseline -0.002 -15"><span class='ocrx_word' id='word_1_260' title='bbox 533 4185 579 4252; x_wconf 83' lang='lat' dir='ltr'>ad</span> <span class='ocrx_word' id='word_1_261' title='bbox 599 4181 705 4252; x_wconf 89' lang='lat' dir='ltr'>diuini</span> <span class='ocrx_word' id='word_1_262' title='bbox 728 4179 831 4248; x_wconf 89' lang='lat' dir='ltr'>cultis</span> <span class='ocrx_word' id='word_1_263' title='bbox 852 4191 1073 4268; x_wconf 86' lang='lat' dir='ltr'>augmentum</span> <span class='ocrx_word' id='word_1_264' title='bbox 1095 4181 1130 4248; x_wconf 93' lang='lat' dir='ltr'>in</span> <span class='ocrx_word' id='word_1_265' title='bbox 1153 4179 1208 4249; x_wconf 91' lang='lat' dir='ltr'>dei</span> <span class='ocrx_word' id='word_1_266' title='bbox 1230 4181 1473 4268; x_wconf 90' lang='lat' dir='ltr'>omnipotentis</span> <span class='ocrx_word' id='word_1_267' title='bbox 1499 4181 1626 4250; x_wconf 87' lang='lat' dir='ltr'>honore</span> <span class='ocrx_word' id='word_1_268' title='bbox 1649 4179 1892 4266; x_wconf 84' lang='lat' dir='ltr'>gloriosissime</span> 
     </span>
    </p>

    <p class='ocr_par' dir='ltr' id='par_1_8' title="bbox 533 4285 1893 4374">
     <span class='ocr_line' id='line_1_31' title="bbox 533 4285 1893 4374; baseline 0 -18"><span class='ocrx_word' id='word_1_269' title='bbox 533 4287 586 4356; x_wconf 88' lang='lat' dir='ltr'>dei</span> <span class='ocrx_word' id='word_1_270' title='bbox 612 4285 793 4372; x_wconf 83' lang='lat' dir='ltr'>genetricis</span> <span class='ocrx_word' id='word_1_271' title='bbox 817 4305 950 4370; x_wconf 88' lang='lat' dir='ltr'>semper</span> <span class='ocrx_word' id='word_1_272' title='bbox 975 4285 1150 4354; x_wconf 88' lang='lat' dir='ltr'>benedicte</span> <span class='ocrx_word' id='word_1_273' title='bbox 1175 4285 1244 4372; x_wconf 82' lang='lat' dir='ltr'>diuj</span> <span class='ocrx_word' id='word_1_274' title='bbox 1272 4285 1408 4374; x_wconf 85' lang='lat' dir='ltr'>martinj</span> <span class='ocrx_word' id='word_1_275' title='bbox 1437 4295 1470 4354; x_wconf 90' lang='lat' dir='ltr'>et</span> <span class='ocrx_word' id='word_1_276' title='bbox 1495 4285 1607 4354; x_wconf 88' lang='lat' dir='ltr'>tocius</span> <span class='ocrx_word' id='word_1_277' title='bbox 1635 4285 1771 4354; x_wconf 84' lang='lat' dir='ltr'>celestis</span> <span class='ocrx_word' id='word_1_278' title='bbox 1798 4285 1893 4356; x_wconf 84' lang='lat' dir='ltr'>curie</span> 
     </span>
    </p>

    <p class='ocr_par' dir='ltr' id='par_1_9' title="bbox 534 4389 1893 4478">
     <span class='ocr_line' id='line_1_32' title="bbox 534 4389 1893 4478; baseline 0.001 -19"><span class='ocrx_word' id='word_1_279' title='bbox 534 4391 679 4462; x_wconf 88' lang='lat' dir='ltr'>Dedisse</span> <span class='ocrx_word' id='word_1_280' title='bbox 708 4389 918 4458; x_wconf 85' lang='lat' dir='ltr'>concessisse</span> <span class='ocrx_word' id='word_1_281' title='bbox 946 4400 981 4456; x_wconf 89' lang='lat' dir='ltr'>et</span> <span class='ocrx_word' id='word_1_282' title='bbox 1012 4390 1076 4458; x_wconf 88' lang='lat' dir='ltr'>bac</span> <span class='ocrx_word' id='word_1_283' title='bbox 1107 4400 1263 4478; x_wconf 88' lang='lat' dir='ltr'>presente</span> <span class='ocrx_word' id='word_1_284' title='bbox 1294 4401 1388 4460; x_wconf 85' lang='lat' dir='ltr'>carta</span> <span class='ocrx_word' id='word_1_285' title='bbox 1416 4411 1492 4460; x_wconf 86' lang='lat' dir='ltr'>mea</span> <span class='ocrx_word' id='word_1_286' title='bbox 1519 4391 1739 4460; x_wconf 85' lang='lat' dir='ltr'>confirmasse</span> <span class='ocrx_word' id='word_1_287' title='bbox 1764 4389 1893 4460; x_wconf 86' lang='lat' dir='ltr'>vicario</span> 
     </span>
    </p>

    <p class='ocr_par' dir='ltr' id='par_1_10' title="bbox 533 4495 1891 4584">
     <span class='ocr_line' id='line_1_33' title="bbox 533 4495 1891 4584; baseline 0 -20"><span class='ocrx_word' id='word_1_288' title='bbox 533 4507 650 4568; x_wconf 89' lang='lat' dir='ltr'>curato</span> <span class='ocrx_word' id='word_1_289' title='bbox 675 4507 709 4564; x_wconf 90' lang='lat' dir='ltr'>et</span> <span class='ocrx_word' id='word_1_290' title='bbox 736 4495 922 4582; x_wconf 88' lang='lat' dir='ltr'>capellanis</span> <span class='ocrx_word' id='word_1_291' title='bbox 946 4495 1104 4564; x_wconf 87' lang='lat' dir='ltr'>iratribus</span> <span class='ocrx_word' id='word_1_292' title='bbox 1134 4497 1227 4564; x_wconf 88' lang='lat' dir='ltr'>chon&#39;</span> <span class='ocrx_word' id='word_1_293' title='bbox 1258 4519 1317 4564; x_wconf 87' lang='lat' dir='ltr'>seu</span> <span class='ocrx_word' id='word_1_294' title='bbox 1344 4496 1475 4582; x_wconf 89' lang='lat' dir='ltr'>collegij</span> <span class='ocrx_word' id='word_1_295' title='bbox 1503 4496 1572 4584; x_wconf 87' lang='lat' dir='ltr'>diuj</span> <span class='ocrx_word' id='word_1_296' title='bbox 1604 4495 1739 4584; x_wconf 90' lang='lat' dir='ltr'>nicolaij</span> <span class='ocrx_word' id='word_1_297' title='bbox 1770 4495 1891 4582; x_wconf 86' lang='lat' dir='ltr'>prelati</span> 
     </span>
    </p>
   </div>
   <div class='ocr_carea' id='block_1_5' title="bbox 532 4599 1891 4690">
    <p class='ocr_par' dir='ltr' id='par_1_11' title="bbox 532 4599 1891 4690">
     <span class='ocr_line' id='line_1_34' title="bbox 532 4599 1891 4690; baseline -0.001 -19"><span class='ocrx_word' id='word_1_298' title='bbox 532 4600 627 4690; x_wconf 91' lang='lat' dir='ltr'>burgi</span> <span class='ocrx_word' id='word_1_299' title='bbox 643 4609 677 4666; x_wconf 88' lang='lat' dir='ltr'>et</span> <span class='ocrx_word' id='word_1_300' title='bbox 690 4600 761 4670; x_wconf 89' lang='lat' dir='ltr'>suis</span> <span class='ocrx_word' id='word_1_301' title='bbox 775 4599 1026 4672; x_wconf 88' lang='lat' dir='ltr'>successoribus</span> <span class='ocrx_word' id='word_1_302' title='bbox 1040 4599 1265 4672; x_wconf 88' lang='lat' dir='ltr'>residentibus</span> <span class='ocrx_word' id='word_1_303' title='bbox 1280 4611 1314 4674; x_wconf 90' lang='lat' dir='ltr'>et</span> <span class='ocrx_word' id='word_1_304' title='bbox 1330 4600 1446 4673; x_wconf 84' lang='lat' dir='ltr'>diuina</span> <span class='ocrx_word' id='word_1_305' title='bbox 1460 4599 1709 4672; x_wconf 88' lang='lat' dir='ltr'>celebrantibus</span> <span class='ocrx_word' id='word_1_306' title='bbox 1723 4599 1891 4672; x_wconf 84' lang='lat' dir='ltr'>dumtaxit</span> 
     </span>
    </p>
   </div>
   <div class='ocr_carea' id='block_1_6' title="bbox 0 0 2250 5990">
    <p class='ocr_par' dir='ltr' id='par_1_12' title="bbox 0 0 2250 5990">
     <span class='ocr_line' id='line_1_35' title="bbox 0 0 2250 5990; baseline 0 0"><span class='ocrx_word' id='word_1_307' title='bbox 0 0 2250 5990; x_wconf 95' lang='lat' dir='ltr'> </span> 
     </span>
    </p>
   </div>
  </div>
 </body>
</html>
