4490 5990
603 695 664 744 102
996 675 1161 742 Frmdacio
1183 673 1304 760 dominj
1325 673 1477 740 Iohannis
1493 680 1569 762 prat

600 849 739 936 pediens
748 857 800 916 est
811 847 968 934 operibus
977 845 1204 914 misericordie
1214 845 1388 932 preuenire
1400 854 1437 914 ut
1447 847 1615 915 seminata
1626 847 1660 915 in
1672 848 1770 916 terris
1780 851 1960 938 multiplici

598 953 709 1020 fructu
733 952 934 1037 colligamus
952 950 986 1016 in
1006 949 1088 1017 celis
1106 951 1204 1016 Vnde
1227 951 1399 1017 Noueritis
1418 971 1472 1018 me
1493 950 1528 1017 in
1551 952 1713 1020 honorem
1732 954 1785 1022 dei
1809 957 1960 1044 omnipo·

598 1057 703 1126 tentis
730 1057 924 1126 beatissime
954 1055 1094 1141 virginis
1117 1055 1222 1122 marie
1252 1077 1292 1122 ac
1319 1056 1471 1123 omnium
1502 1067 1697 1125 sanctorum
1720 1059 1852 1128 dedisse
1882 1084 1960 1130 con·

600 1161 743 1228 cessisse
767 1161 960 1246 assignasse
983 1169 1017 1226 et
1040 1160 1105 1228 hac
1129 1160 1277 1245 presenti
1300 1169 1395 1228 carta
1417 1182 1493 1228 mea
1514 1163 1733 1232 confirmasse
1753 1166 1816 1232 deo
1838 1167 1959 1252 glorio·

599 1267 732 1334 sissime
761 1267 882 1352 virgini
917 1265 1022 1332 marie
1057 1275 1090 1332 et
1126 1265 1283 1333 omnibus
1316 1265 1444 1333 sanctis
1471 1268 1521 1334 Ac
1558 1267 1743 1354 capellanis
1772 1271 1961 1342 senioribus

598 1382 632 1440 et
657 1371 864 1459 dignioribus
887 1371 980 1438 chori
1003 1369 1092 1438 dicte
1115 1371 1255 1440 ecclesie
1278 1372 1497 1457 parrochialis
1521 1395 1561 1440 ac
1583 1375 1736 1460 personis
1762 1378 1962 1464 subscriptis

598 1487 710 1546 totum
735 1488 768 1545 et
796 1477 964 1563 integrum
991 1475 1086 1544 illurn
1114 1497 1264 1544 annuum
1291 1478 1459 1546 redditum
1486 1479 1595 1547 decim
1622 1480 1805 1549 solidorum
1832 1483 1960 1552 usualis

599 1591 735 1651 monete
750 1581 860 1650 scocie
876 1579 1052 1648 annuatim
1068 1581 1250 1650 leuandum
1265 1584 1307 1649 de
1322 1591 1395 1650 tota
1411 1593 1444 1650 et
1460 1582 1591 1668 integra
1602 1593 1692 1654 terra
1706 1594 1778 1654 tam
1792 1589 1958 1658 anteriore

598 1708 700 1774 quam
722 1687 878 1754 interiore
898 1685 1078 1754 Alexandri
1101 1708 1225 1773 couper
1248 1689 1385 1754 Iacente
1408 1687 1494 1756 inlra
1516 1689 1645 1756 dictum
1667 1691 1811 1776 burgum
1830 1692 1865 1760 in
1883 1693 1958 1762 vico

598 1793 738 1862 nauium
757 1813 798 1860 ex
816 1791 1016 1860 occidentali
1040 1800 1135 1876 parte
1158 1790 1308 1860 eiusdem
1323 1791 1388 1878 vicj
1408 1791 1497 1859 inter
1513 1801 1637 1860 terram
1655 1793 1794 1864 Roberti
1814 1795 1959 1864 blinseill

504 1929 507 1940 ·
599 1921 640 1968 ex
662 1919 728 1966 vna
748 1907 782 1966 et
802 1905 926 1964 terram
946 1898 1116 1981 quondam
1139 1895 1271 1982 patricij
1291 1896 1383 1964 elerk
1402 1917 1443 1964 ex
1466 1897 1592 1964 boreali
1614 1897 1767 1983 partibus
1786 1900 1830 1968 ab
1852 1901 1959 1970 altera

583 2013 632 2072 ·et
655 1999 980 2087 communemlflviam
1003 1999 1130 2086 regiam
1145 2021 1263 2068 versus
1286 2000 1397 2066 oriens
1419 2010 1453 2068 et
1473 2011 1624 2068 montem
1645 2011 1763 2070 sancte
1783 2003 1958 2074 katherine

597 2107 737 2194 virginis
759 2127 877 2176 versus
898 2105 1056 2174 occidens
1079 2127 1139 2194 pro
1161 2105 1392 2174 anniuersario
1409 2115 1443 2174 et
1462 2105 1539 2174 aliis
1560 2105 1685 2174 diuinis
1708 2108 1876 2194 suffragiis
1898 2132 1959 2196 pro

598 2213 714 2282 anima
737 2233 813 2278 mea
835 2220 868 2278 et
891 2209 1070 2278 animabus
1093 2219 1270 2296 parentum
1298 2231 1449 2278 meorum
1474 2210 1725 2278 bencfactorum
1748 2221 1782 2280 et
1805 2213 1956 2280 omniurn

598 2317 748 2386 fidelium
771 2317 1004 2385 defunctorum
1025 2315 1305 2384 TENENDUM
1327 2326 1360 2384 et
1381 2316 1573 2404 habendum
1596 2326 1707 2384 totum
1730 2327 1764 2386 et
1787 2318 1955 2405 integrum

598 2423 726 2492 dictum
748 2443 898 2490 annuum
920 2420 1086 2488 redditum
1114 2441 1192 2488 curn
1221 2421 1292 2488 suis
1319 2421 1536 2507 pertinenciis
1558 2421 1698 2506 prelatis
1716 2423 1903 2508 capellanis
1923 2431 1956 2492 ct

598 2527 751 2616 personis
772 2523 971 2611 subscriptis
993 2533 1027 2592 et
1051 2524 1122 2592 suis
1146 2524 1397 2593 successoribus
1421 2547 1442 2592 a
1466 2547 1521 2593 me
1544 2534 1578 2593 et
1602 2525 1781 2594 heredibus
1804 2527 1890 2594 meis
1915 2531 1955 2596 In

597 2654 717 2720 puram
733 2641 767 2699 et
782 2640 980 2718 perpetuam
997 2631 1223 2700 Elimosinam
1241 2631 1495 2718 Imperpetuum
1512 2633 1599 2701 Cum
1615 2631 1707 2700 omni
1725 2634 1801 2700 Iure
1817 2643 1851 2700 et
1868 2635 1956 2702 luris

597 2739 729 2806 clamen
758 2739 807 2806 Ac
834 2758 912 2805 curn
938 2737 1096 2805 omnibus
1122 2745 1156 2804 et
1187 2737 1329 2823 singulis
1356 2737 1567 2806 libertatibus
1593 2737 1891 2806 commoditatibus
1921 2750 1955 2808 et

597 2843 796 2915 asiamentis
812 2863 852 2910 ac
868 2841 966 2911 iustis
987 2841 1058 2910 suis
1079 2841 1296 2930 pertinenciis
1316 2842 1570 2928 quibuscunque
1590 2843 1634 2910 ad
1654 2841 1782 2910 dictum
1803 2863 1954 2910 annuum

596 2949 764 3018 redditum
788 2971 865 3016 cum
889 2947 1106 3035 pertinenciis
1129 2949 1363 3036 spectantibus
1386 2971 1447 3016 seu
1470 2952 1565 3018 Iuste
1588 2958 1742 3036 spectare
1763 2950 1955 3020 valentibus

597 3055 847 3140 quomodolibet
863 3053 1062 3122 infuturum
1078 3056 1171 3122 Adeo
1190 3055 1292 3124 libere
1307 3053 1456 3141 plenarie
1474 3055 1603 3141 integre
1622 3053 1806 3122 honorifice
1821 3058 1906 3124 bene
1921 3066 1955 3124 et
2033 3095 2038 3106 ·

597 3161 631 3228 in
652 3181 736 3246 pace
759 3159 794 3226 in
820 3159 977 3228 omnibus
1001 3167 1035 3226 et
1060 3181 1120 3245 per
1142 3159 1257 3228 omnia
1281 3160 1369 3228 sicut
1393 3158 1516 3246 aliquis
1538 3181 1672 3228 annuus
1695 3159 1846 3227 redditus
1869 3159 1955 3228 inira

598 3266 739 3334 Dictum
762 3267 904 3352 burgum
928 3275 987 3333 aut
1010 3274 1104 3332 extra
1126 3265 1161 3331 in
1184 3287 1304 3352 puram
1327 3273 1361 3333 et
1384 3274 1580 3352 perpetuam
1608 3263 1834 3332 Elimosinam
1857 3265 1957 3332 datur

597 3373 792 3463 conceditur
815 3381 874 3440 aut
901 3371 1089 3458 possideter
1112 3371 1186 3439 sine
1208 3371 1444 3440 Reuocacione
1468 3369 1713 3438 reclamacione
1736 3377 1795 3438 aut
1822 3380 1954 3438 contra·

597 3477 745 3545 dictione
765 3475 903 3561 aliquali
922 3475 988 3542 mei
1007 3475 1168 3543 heredum
1192 3497 1343 3544 meorum
1367 3485 1426 3544 aut
1449 3475 1591 3542 aliorum
1610 3493 1886 3560 quorumcunque
1904 3476 1953 3542 Ac

597 3581 798 3668 capiendum
814 3589 848 3648 et
864 3581 1045 3648 leuandum
1062 3581 1238 3650 annuatim
1262 3603 1321 3668 per
1342 3581 1556 3650 collectorem
1572 3580 1763 3666 generalem
1786 3579 1953 3648 dictorum

597 3685 848 3770 capellanorum
868 3685 998 3770 collegij
1016 3685 1122 3752 nostri
1138 3687 1179 3753 de
1194 3685 1361 3754 Abirdene
1377 3687 1428 3753 Ad
1444 3687 1529 3752 duos
1545 3683 1624 3770 annj
1640 3683 1805 3750 terminos
1818 3681 1954 3752 usuales

596 3789 828 3878 pentichostes
842 3790 998 3859 videlicet
1014 3802 1047 3858 et
1064 3793 1172 3878 sanctj
1186 3792 1322 3878 martinj
1336 3791 1371 3858 in
1382 3813 1479 3878 yeme
1492 3813 1551 3877 per
1561 3790 1699 3876 equales
1710 3789 1886 3876 porciones
1901 3789 1953 3856 Ad

595 3895 862 3963 distribuendum
878 3897 912 3962 in
929 3897 1018 3964 hunc
1035 3899 1172 3966 modum
1189 3897 1245 3983 qui
1261 3897 1412 3982 sequitur
1425 3895 1581 3964 videlieet
1603 3893 1738 3982 preconi
1759 3893 1839 3980 dictj
1856 3893 1953 3980 burgj

597 3999 773 4066 annuatim
800 4001 884 4066 duos
909 3999 1063 4068 denarios
1086 4001 1120 4067 in
1144 4011 1242 4068 nocte
1266 4003 1464 4088 precedente
1483 3999 1751 4068 anniuersarium
1774 4021 1887 4066 meum
1911 4001 1954 4066 ad

597 4103 872 4172 circumeundum
885 4107 1028 4192 burgum
1040 4109 1083 4174 ad
1095 4110 1258 4175 orandum
1271 4129 1330 4194 pro
1342 4107 1456 4175 anima
1472 4129 1548 4174 mea
1559 4117 1593 4173 et
1605 4105 1795 4173 animarum
1811 4105 1953 4190 predict·

596 4231 692 4278 arum
721 4212 792 4277 Pro·
812 4210 983 4280 locacione
1006 4222 1040 4280 et
1064 4211 1250 4282 situacione
1272 4213 1387 4281 tabule
1413 4211 1559 4280 detentis
1582 4231 1682 4306 super
1706 4209 1952 4276 monimentum

597 4337 710 4382 meum
735 4337 794 4402 pro
815 4319 901 4385 Cera
925 4319 968 4385 ad
988 4318 1255 4388 anniuersarium
1277 4339 1390 4388 meum
1411 4317 1587 4387 annuatim
1607 4315 1778 4384 trisdecim
1798 4313 1954 4382 denarios

596 4420 653 4488 vni
675 4421 859 4507 Capellano
880 4425 921 4491 de
942 4424 1129 4493 senioribus
1149 4426 1289 4494 ecclesie
1305 4436 1448 4512 quatuor
1467 4424 1622 4492 denarios
1645 4443 1704 4509 pro
1725 4419 1954 4488 celebracione

597 4527 812 4611 exequiarum
836 4551 896 4614 pro
919 4531 1085 4598 defunctis
1106 4553 1165 4616 pro
1186 4531 1296 4600 salute
1316 4529 1435 4600 anime
1448 4553 1523 4598 mee
1546 4539 1579 4596 et
1602 4528 1791 4596 animarum
1812 4523 1954 4610 predict·

596 4654 691 4698 arum
718 4633 865 4702 Sacriste
888 4636 977 4702 dicte
1000 4637 1141 4704 ecclesie
1167 4659 1227 4725 pro
1253 4637 1447 4728 pulsacione
1473 4655 1715 4721 campanarum
1742 4629 1883 4700 ecclesie
1909 4628 1953 4694 ad
