4460 5984
577 675 643 764 198
892 673 1063 744 Commune
1085 673 1218 745 leale
1239 673 1482 766 Capelianum
1502 673 1621 745 minu

663 853 750 916 Item
766 871 827 935 pro
847 851 965 918 codem
988 851 1030 917 de
1050 859 1139 918 terra
1155 853 1325 937 quondam
1350 851 1513 920 Iohannis
1528 861 1651 970 portur
1662 873 1752 920 nuuc
1772 847 1881 938 ouratj
1903 851 1937 918 in

571 953 647 1021 vico
662 955 832 1020 hrrcarum
851 955 991 1020 Iacente
1007 953 1541 1042 exoccidentaliparteeiusdem
1556 957 1620 1042 vicj
1880 955 1937 1042 ijs

660 1061 803 1126 Summa
819 1059 922 1126 huius
936 1081 979 1126 xx
994 1082 1012 1126 s

661 1167 748 1232 Item
770 1163 827 1230 isti
847 1165 951 1250 annuj
973 1167 1124 1233 redditus
1147 1167 1325 1252 subscripti
1346 1175 1425 1234 sunt
1446 1187 1580 1252 semper
1598 1166 1633 1232 in
1654 1165 1812 1234 manibus
1834 1165 1936 1234 soluti

572 1279 726 1355 tempore
742 1269 990 1337 Celebrationis
1004 1271 1220 1356 exequiarum
1237 1281 1270 1337 et
1286 1271 1476 1338 diuinorum
1493 1271 1770 1356 subsequentium
1782 1269 1803 1310 ¹*

662 1377 749 1442 Item
774 1375 808 1440 in
831 1375 950 1460 primis
973 1397 1033 1461 pro
1055 1377 1173 1443 thoma
1195 1387 1269 1462 prat
1296 1379 1338 1444 de
1359 1387 1449 1443 terra
1477 1376 1591 1444 Iacobi
1617 1375 1782 1442 collisoun
1804 1374 1839 1440 in
1861 1373 1937 1440 vico

573 1479 736 1566 superiori
752 1481 893 1547 ecclesie
909 1503 1011 1566 quam
1028 1481 1195 1549 inhabitat
1212 1483 1283 1568 ipse
1300 1485 1444 1550 Iacobus
1858 1495 1934 1546 xxa

661 1586 747 1650 Item
780 1605 840 1669 pro
871 1585 989 1651 eodem
1019 1587 1061 1652 de
1097 1596 1188 1652 terra
1218 1589 1388 1671 qnondam
1420 1585 1558 1654 Ioannis
1591 1585 1667 1671 grig
1699 1606 1789 1652 nunc
1821 1583 1936 1670 gavini

574 1709 712 1774 murray
727 1689 761 1754 in
776 1689 851 1756 vico
865 1690 1037 1757 furcarum
1049 1694 1194 1862 sincente
1209 1711 1250 1757 ex
1264 1692 1418 1759 orientali
1434 1703 1530 1778 parte
1545 1691 1696 1758 eiusdem
1851 1689 1935 1774 iiijs

662 1903 755 1967 Item
766 1921 826 1985 pro
841 1903 968 1970 andrea
984 1921 1121 1989 murray
1135 1903 1258 1970 senion
1249 1903 1315 1970 'de
1330 1903 1477 1971 dimedio
1492 1902 1598 1970 rethis
1613 1903 1654 1970 de
1670 1901 1693 1968 li
1707 1900 1814 1968 furuis
1833 1919 1936 1985 super

572 2023 696 2088 aquam
712 2006 753 2071 de
768 2005 877 2122 de·
1806 2005 1933 2090 radiis

662 2213 750 2277 Item
765 2233 826 2296 pro
847 2213 1027 2281 alexandro
1042 2215 1113 2282 reid
1128 2225 1163 2282 et
1178 2226 1370 2302 margareta
1390 2216 1573 2284 cralurd
1543 2237 1617 2283 erus
1637 2235 1763 2302 sponsa
1781 2217 1824 2287 dc
1844 2225 1933 2282 terra

573 2315 745 2434 quondam
764 2315 866 2383 dauid
884 2317 1004 2384 tilman
1023 2339 1113 2386 nunc
1128 2320 1294 2388 Willelmi
1309 2321 1440 2388 rolland
1455 2341 1497 2388 ex
1511 2320 1653 2438 australi
1668 2329 1765 2405 parte
1779 2319 1931 2388 eiusdem

572 2419 638 2505 vicj
656 2419 760 2486 castri
1856 2443 1900 2490 ιιιι
1914 2443 1932 2489 s

661 2523 804 2592 Summa
820 2523 920 2592 huius
934 2547 978 2594 xx
993 2548 1011 2594 s

662 2629 750 2695 Item
767 2651 827 2715 pro
843 2641 938 2715 patre
953 2639 987 2698 et
1003 2642 1112 2700 matre
1127 2632 1300 2700 dmandri
1314 2653 1398 2719 gray
1412 2634 1454 2699 de
1468 2642 1558 2700 terra
1572 2633 1743 2717 quondam
1759 2627 1930 2714 alexandri

574 2735 652 2821 logy
667 2734 702 2802 in
716 2735 792 2804 vico
806 2736 975 2804 furcarum
990 2759 1081 2806 nunc
1095 2739 1219 2825 robertj
1233 2741 1377 2808 barbour
1390 2738 1478 2808 alias
1492 2739 1727 2824 huytzousoun
1744 2759 1789 2805 xx
1802 2757 1821 2804 s
1835 2735 1892 2820 viij
1909 2737 1931 2803 d

662 2841 804 2908 Summa
820 2841 920 2910 huius
935 2865 979 2909 xx
994 2865 1011 2910 s
1025 2844 1083 2928 viij
1100 2847 1122 2912 d

663 2945 750 3010 Item
766 2965 827 3030 pro
842 2945 1014 3032 magistris
1029 2947 1205 3016 Willelmo
1226 2947 1448 3034 stradaqnhin
1466 2957 1499 3016 et
1518 2947 1636 3014 thoma
1652 2945 1876 3032 stradaquhin
1891 2947 1934 3012 de

574 3055 664 3115 terra
682 3047 830 3136 interior-j
847 3051 1018 3136 quondam
1033 3053 1191 3139 malcomj
1209 3075 1291 3140 crag
1304 3073 1394 3122 nunc
1412 3054 1573 3122 heredum
1594 3052 1758 3121 Iohannis
1771 3051 1879 3120 fichat
1897 3050 1933 3118 in

573 3151 651 3220 'vico
665 3154 767 3239 castrj
784 3175 826 3221 ex
841 3156 966 3224 boreali
981 3165 1078 3242 parte
1091 3157 1243 3225 eiusdem
1855 3175 1933 3222 Μ

661 3257 804 3324 Summa
818 3258 919 3326 huius
933 3281 1010 3326 xxa

662 3363 750 3428 Item
772 3363 968 3450 capellanus
982 3373 1165 3449 perpetuus
1185 3364 1283 3431 beate
1303 3363 1408 3432 marie
1427 3361 1627 3448 magdalene
1647 3371 1783 3430 tenetur
1801 3360 1933 3432 soluere

575 3465 752 3532 annuatim
768 3467 953 3552 capellanis
967 3467 1060 3552 chorj
1081 3466 1170 3534 beati
1186 3465 1320 3552 nicolaij
1337 3468 1380 3534 de
1393 3465 1561 3536 Abirdene
1576 3487 1636 3552 pro
1651 3465 1746 3534 obitu
1760 3465 1883 3534 andree
1899 3472 1933 3530 et

574 3570 712 3638 cristine
728 3571 858 3657 haghco
874 3593 997 3658 sponse
1012 3573 1164 3640 eiusdem
1856 3589 1933 3636 ΧΗ

662 3679 805 3745 Summa
820 3677 921 3744 huius
935 3699 979 3744 xx
994 3699 1011 3744 s

663 3783 751 3848 Item
776 3803 836 3867 pro
862 3782 1028 3868 stephano
1050 3781 1190 3867 balrony
1212 3782 1254 3848 de
1276 3789 1366 3848 terra
1392 3781 1562 3864 quondam
1590 3777 1718 3864 henricj
1746 3776 1817 3844 reid
1842 3796 1933 3844 nunc

542 3953 546 3964 ,
575 3885 736 3952 heredum
763 3885 914 3954 eiusdem
940 3885 1076 3954 inviso
1102 3885 1263 3972 superiori
1290 3885 1432 3954 ecclesie
1459 3887 1596 3952 lucente
1621 3905 1663 3952 cx
1687 3881 1813 3952 boreali
1839 3891 1936 3968 parte

574 3989 725 4058 eiusdem
740 3989 805 4076 vicj
1854 4005 1900 4054 xx
1914 4005 1932 4051 s

661 4093 804 4161 Summa
819 4091 920 4160 huius
936 4113 980 4160 xx
995 4113 1014 4160 s

663 4199 750 4264 Item
767 4195 964 4282 capellanus
976 4217 1134 4281 premens
1144 4193 1351 4262 fundationis
1363 4193 1480 4262 altatis
1492 4193 1601 4263 sancti
1613 4192 1790 4262 michaelis
1800 4201 1936 4260 tenetur

575 4301 707 4368 soluere
732 4299 918 4385 capellanis
939 4299 1033 4368 chori
1055 4298 1125 4384 diuj
1150 4298 1284 4385 nicolan
1308 4300 1350 4366 de
1372 4297 1530 4367 abirdcne
1555 4297 1733 4366 annuatIm
1756 4319 1817 4383 pro
1839 4296 1933 4365 obitu

573 4401 705 4490 engusij
698 4403 910 4470 adamsoun
1806 4399 1896 4486 uoiij
1914 4421 1932 4466 s

1049 4641 1113 4692 'In
1124 4641 1245 4693 manibus
1255 4641 1325 4694 solut
1335 4640 1461 4693 Redditus
