4460 5984
638 643 1192 762 commemorarem
1531 691 1594 759 ειη

326 853 451 937 Magne
466 848 647 936 prudencie
661 846 725 914 vin'
740 845 936 916 willelmus
953 845 1088 933 turinge
1106 847 1293 932 stephanus
1308 849 1350 914 de
1365 847 1546 914 mannielle
1562 857 1595 914 et
1619 861 1734 978 τιιιῑῃὲε

238 956 481 1026 berthilomeus
496 957 537 1022 de
553 953 753 1039 Eglishame
770 951 979 1037 temporibus
997 951 1067 1018 suis
1083 961 1288 1018 ornauerunt
1304 961 1337 1018 et
1354 953 1596 1019 decorauerunt
1619 927 1761 1059 ffisse

238 1079 400 1146 magnum
423 1061 530 1126 altare
553 1057 643 1126 beuti
666 1055 824 1141 nicholaij
849 1077 927 1124 cum
950 1077 1075 1142 magna
1097 1055 1255 1142 ymagine
1276 1055 1454 1143 principali
1478 1055 1596 1124 Sancti

238 1163 397 1250 nicholsij
411 1184 553 1249 quorum
569 1161 702 1229 animas
717 1161 752 1228 in
768 1161 949 1228 celestibus
964 1161 1106 1228 collocet
1122 1159 1298 1227 altissimis
1313 1163 1422 1227 Amen

240 1321 245 1328 ⁵
327 1339 504 1404 Honestus
518 1335 569 1402 vir
590 1334 761 1402 Iohannes
783 1334 975 1404 anstrother
998 1333 1170 1402 decorauit
1193 1334 1299 1402 altare
1322 1333 1411 1404 beati
1434 1333 1593 1420 nicholaij
1617 1345 1771 1398 unruocha

238 1464 316 1511 cum
337 1440 496 1528 ymagine
519 1441 645 1508 Sancte
668 1439 773 1506 marie
796 1448 850 1506 etc

325 1615 424 1680 Anno
439 1611 566 1680 domini
582 1621 636 1678 etc
651 1610 847 1680 Wsslelmus
863 1611 1016 1679 strabrok
1030 1609 1185 1678 fundauit
1201 1593 1307 1678 altare
1324 1611 1441 1678 Sancti
1458 1611 1573 1680 Iacobi
1619 1623 1742 1676 scabrok

325 1787 521 1858 Willelmus
542 1786 626 1856 leith
652 1785 887 1871 augmentuuit
910 1795 944 1854 et
967 1785 1145 1874 ampliauit
1172 1785 1313 1854 chorum
1338 1785 1435 1852 beate
1458 1785 1597 1872 virginis
1618 1792 1683 1846 leun

239 1891 345 1960 marie
366 1891 401 1958 in
421 1891 631 1978 longitudine
649 1911 767 1959 versus
790 1901 944 1960 austrum
964 1911 1024 1976 per
1043 1889 1196 1976 spacium
1220 1889 1398 1958 Sexdecim
1418 1893 1542 1974 pedum
1563 1899 1597 1958 et

241 1997 292 2066 Ibi
318 1996 473 2064 fundauit
500 1995 606 2062 altare
630 1996 806 2064 beatorum
831 1994 992 2080 laurenciJ¹
1018 2003 1052 2066 et
1078 1994 1216 2080 Ninianj
1245 1995 1333 2080 quod
1359 1995 1493 2062 ornauit
1520 2016 1597 2062 cum

239 2100 325 2168 libro
342 2098 472 2166 missali
490 2098 657 2170 breuiario
672 2108 706 2166 et
721 2098 933 2166 vestimentis
951 2099 1217 2168 sacerdotalibus
1234 2108 1268 2166 et
1288 2098 1418 2166 Ibidem
1438 2099 1598 2184 Sepultus

239 2213 291 2272 est
307 2203 404 2272 cuius
419 2203 533 2270 anime
548 2202 752 2288 propicietur
767 2201 916 2270 christus
930 2204 1039 2270 Amen

327 2379 421 2444 Idem
438 2375 642 2444 Wallelmus
662 2375 788 2462 legauit
809 2375 945 2444 fabricie
967 2375 1107 2444 ecclesie
1129 2376 1246 2444 Sancti
1267 2375 1425 2464 nicholaij
1446 2377 1479 2442 xl
1498 2376 1545 2444 lib
1563 2377 1597 2443 in

240 2491 448 2550 testamento
464 2502 526 2547 suo

326 2657 505 2742 Quondam
521 2655 608 2722 bone
623 2653 784 2719 memorie
800 2653 995 2720 Willelmus
1013 2653 1168 2720 strabrok
1185 2653 1340 2721 fundauit
1357 2654 1464 2720 altare
1481 2653 1597 2721 Sancti
1622 2662 1667 2716 sol.
1677 2661 1726 2716 sl·

243 2760 357 2826 Iacobi
370 2758 514 2845 apostoli
526 2758 612 2825 infra
624 2757 802 2824 ecclesiam
815 2757 1042 2842 parochialem
1055 2757 1144 2826 beati
1158 2757 1326 2843 Nicholaij
1338 2759 1379 2824 de
1389 2758 1555 2826 Abirdene
1565 2770 1598 2826 et

241 2865 336 2930 Idem
354 2862 543 2928 Inleodauit
561 2863 601 2927 In
617 2861 740 2928 annuis
755 2861 941 2928 redditibus
956 2861 1155 2948 subscrIptis
1169 2861 1325 2929 videlicet
1340 2861 1375 2928 in
1390 2861 1509 2948 viginti
1526 2885 1542 2930 s
1557 2865 1599 2930 de

240 2975 329 3033 terra
343 2965 505 3033 Iohannis
517 2965 681 3032 malisone
692 2965 726 3030 in
736 2965 811 3032 vico
822 2965 923 3051 castrj
937 2987 978 3032 ex
990 2967 1115 3033 boreali
1128 2976 1222 3052 parte
1235 2965 1384 3032 eiusdem
1396 2967 1462 3034 vici
1472 2967 1506 3032 in
1518 2967 1599 3034 dua·

241 3073 304 3138 bus
319 3069 443 3136 marcis
454 3071 495 3136 de
506 3079 596 3136 terra
607 3069 774 3137 Willelmi
789 3069 989 3155 goldsmitht
1001 3091 1042 3138 ex
1053 3070 1193 3138 australi
1210 3081 1306 3158 parte
1321 3069 1471 3138 eiusdem
1482 3071 1548 3138 vici
1563 3071 1598 3137 in

240 3174 294 3258 xvj
312 3195 329 3240 s
344 3183 470 3240 et‘octo
485 3175 507 3240 d
522 3174 563 3239 de
578 3183 668 3240 terra
683 3173 816 3258 gilberti
832 3175 944 3242 Waus
959 3178 1001 3241 de
1016 3197 1119 3262 many
1134 3195 1175 3241 ex
1190 3175 1391 3242 occidentali
1407 3183 1501 3261 parte
1517 3175 1598 3242 dicti

238 3278 303 3344 vici
316 3277 350 3343 in
363 3277 394 3342 le
410 3277 607 3344 chakarraw
618 3285 651 3343 et
667 3277 702 3342 in
718 3277 941 3363 quadraginta
957 3277 1104 3346 denariis
1120 3279 1161 3346 de
1176 3289 1265 3346 terra
1280 3277 1407 3346 domini
1427 3279 1596 3366 Ingeramj

239 3383 467 3450 bannermane
483 3381 517 3447 in
532 3381 594 3467 futj
613 3381 708 3448 cuius
724 3382 856 3450 animas
871 3383 1019 3450 christus
1035 3383 1186 3451 Collocet
1202 3383 1236 3448 in
1253 3383 1344 3451 Celis
1359 3385 1468 3450 Amen

327 3555 449 3624 Obitus
464 3557 634 3640 quondam
657 3557 744 3624 bone
762 3556 922 3624 memorie
947 3557 1106 3651 Richardj
1131 3556 1329 3643 cementurij
1354 3567 1388 3624 et
1410 3557 1598 3626 fundatoris

241 3660 428 3746 capellanie
453 3659 569 3744 Sanctj
597 3659 762 3726 Iohannis
785 3659 931 3746 apostoli
953 3671 988 3727 et
1012 3661 1229 3746 ewangeliste

328 3763 419 3830 Olim
450 3763 535 3830 bone
561 3763 722 3830 memorie
751 3763 942 3832 Richardus
972 3763 1210 3834 Cementurius
1233 3764 1409 3850 burgensis
1433 3765 1529 3851 burgi
1554 3768 1597 3832 de

240 3867 408 3934 Abirdene
433 3865 587 3932 fundauit
618 3866 725 3934 altare
752 3867 869 3936 Sancti
901 3869 1064 3938 Iohannis
1093 3868 1309 3955 ewangeliste
1335 3869 1480 3954 apostoli
1510 3869 1597 3938 inita

240 3969 367 4040 dictam
391 3968 569 4036 ecclesiam

881 4161 953 4230 CV.

333 4299 520 4366 MNIBUS
549 4299 639 4366 hanc
669 4308 798 4367 cartam
824 4299 947 4368 neuris
972 4299 1026 4368 vel
1051 4299 1225 4368 Audituris
1251 4299 1414 4386 magister
1442 4301 1595 4367 robertus
1618 4307 1726 4362 (οων

374 4403 502 4470 schand
520 4405 646 4470 Rector
664 4406 706 4471 de
721 4403 830 4472 alueis
847 4427 888 4472 ac
903 4405 1101 4490 capellanus
1117 4405 1235 4471 altaris
1256 4406 1353 4472 beate
1369 4425 1456 4472 anne
1477 4405 1596 4472 matris
1620 4439 1713 4490 obp„

238 4507 344 4576 marie
369 4507 509 4592 virginis
533 4507 620 4574 inira
640 4507 827 4576 ecclesiam
844 4507 1085 4594 parochialem
1115 4509 1184 4594 diuj
1212 4509 1335 4594 nicolaj
1367 4512 1408 4576 de
1438 4507 1596 4577 abirdene
1620 4505 1737 4584 mannen

239 4611 356 4680 situati
371 4621 523 4680 eternam
538 4611 725 4680 indumine
744 4613 888 4682 salutem
906 4613 1165 4682 Premeditando
1186 4623 1219 4680 et
1240 4633 1461 4700 sepenumero
1482 4622 1596 4683 mente
1619 4569 1712 4636 Μ]
1723 4569 1822 4622 “md
