4490 5990
702 623 867 688 Furrdacr'o
888 623 1014 688 Andros
1036 623 1172 707 Murray
1577 637 1618 706 97

259 815 364 862 causa
385 793 552 880 legittima
571 793 636 860 nisi
659 793 835 862 licenciam
855 795 1006 880 optineat
1025 817 1046 862 a
1067 816 1121 862 me
1141 803 1200 862 aut
1221 803 1363 880 patrono
1385 815 1445 880 pro
1467 803 1618 879 tempore

259 899 391 967 licitum
417 899 479 966 erit
506 899 609 995 michi
639 908 673 967 et
703 899 881 969 heredibus
908 899 992 967 meis
1018 899 1179 966 masculis
1206 899 1259 966 De
1286 900 1403 966 eadem
1430 897 1619 983 capellania

260 1003 411 1090 patronis
431 1005 605 1071 decadem
628 1003 816 1090 capellania
839 1004 1014 1090 capellano
1036 1003 1159 1090 ydonio
1181 1005 1309 1090 absque
1331 1024 1531 1090 quocunque
1552 1005 1619 1070 lm·

259 1110 452 1196 pedimento
481 1131 542 1196 pro
571 1119 685 1178 nostre
715 1109 811 1178 libito
839 1109 1026 1178 voluntatis
1056 1109 1245 1196 Disponere
1276 1110 1420 1194 Insuper
1444 1107 1472 1174 si
1496 1107 1619 1194 aliquis

259 1215 421 1284 heredum
437 1237 588 1282 meorum
607 1225 667 1284 aut
689 1215 938 1302 assignatorum
962 1214 1130 1302 predictos
1153 1215 1294 1282 Annuus
1315 1213 1480 1282 Redditos
1495 1213 1529 1281 in
1544 1223 1618 1283 toto

257 1319 311 1388 vel
330 1319 365 1386 in
387 1330 483 1406 parte
498 1341 519 1388 a
534 1321 665 1408 prelato
687 1321 862 1408 capellano
884 1329 943 1394 aut
967 1320 1038 1388 suis
1061 1319 1312 1390 successoribus
1329 1321 1392 1388 sub
1407 1319 1546 1388 traxerit
1564 1319 1618 1388 vel

259 1425 439 1496 detinuerit
461 1435 543 1494 tunc
567 1425 698 1494 licitum
721 1425 783 1494 erit
806 1426 898 1494 dicto
920 1425 1096 1512 capellano
1119 1425 1278 1512 conqueri
1300 1424 1437 1494 domino
1460 1425 1619 1513 episcopo

259 1529 472 1598 abirdonensi
495 1551 555 1616 pro
577 1539 728 1618 tempore
752 1551 791 1599 ac
814 1551 874 1598 sue
897 1529 1049 1616 priuitati
1074 1529 1263 1616 supplicare
1287 1549 1348 1615 pro
1372 1527 1504 1598 iusticie
1528 1549 1619 1596 com·

259 1633 429 1718 plemento
455 1644 489 1701 et
515 1655 578 1702 sua
604 1633 805 1702 auctoritate
831 1633 1033 1721 compellere
1056 1633 1318 1700 Disobedientes
1341 1631 1375 1700 in
1401 1631 1619 1718 responsione

258 1740 456 1808 Annuorum
483 1739 674 1808 reddituum
705 1749 739 1808 et
766 1741 809 1808 ad
833 1760 995 1808 censuras
1019 1737 1160 1812 ecclesie
1186 1737 1326 1806 ulterius
1351 1740 1531 1824 procedere
1561 1737 1618 1824 qui

258 1845 434 1931 capellano
449 1845 599 1932 predicto
622 1855 682 1913 aut
705 1845 776 1913 suis
796 1844 1048 1912 successoribus
1070 1843 1237 1915 obsistant
1260 1845 1303 1912 ad
1325 1841 1512 1929 plenariam
1529 1843 1618 1912 solu·

200 1973 204 1995 ¹
259 1950 390 2018 cionem
417 1951 595 2020 Dictorum
619 1953 816 2018 Annuorum
844 1949 1266 2046 Reddituumnlaciendam
1292 1956 1326 2017 et
1353 1947 1552 2032 distringere
1581 1957 1617 2014 vt

259 2053 362 2120 moris
377 2063 429 2120 est
445 2057 643 2122 Annuorum
661 2053 868 2121 Reddituum
884 2074 962 2122 cum
977 2053 1099 2120 effectu
1111 2054 1158 2120 Et
1174 2073 1237 2138 ego
1252 2073 1331 2118 vero
1346 2051 1459 2120 dictus
1473 2053 1618 2120 andreas

259 2178 394 2243 murray
416 2157 557 2224 heredes
580 2157 645 2223 mei
669 2166 702 2224 et
726 2155 890 2244 assignati
913 2155 1082 2243 predictos
1104 2177 1237 2224 annuos
1261 2155 1427 2223 Redditus
1447 2177 1525 2223 cum
1546 2155 1618 2224 suis

258 2261 474 2347 pertinenciis
497 2261 625 2347 prelato
651 2261 828 2346 capellano
854 2280 931 2327 meo
954 2281 1014 2346 pro
1040 2268 1113 2328 toto
1137 2267 1288 2346 tempore
1314 2258 1382 2326 vite
1407 2281 1467 2326 sue
1490 2267 1524 2326 et
1546 2257 1618 2326 suis

258 2365 510 2432 successoribus
531 2341 716 2450 capellanis
734 2363 905 2450 perpetuis
923 2363 1074 2430 eiusdem
1097 2361 1132 2428 in
1155 2362 1312 2428 omnibus
1327 2370 1360 2430 et
1376 2383 1436 2448 per
1451 2361 1566 2430 omnia
1580 2372 1617 2428 vt

258 2469 460 2556 premissum
476 2477 527 2536 est
550 2490 610 2554 per
632 2489 751 2534 omnes
766 2476 874 2534 terras
890 2475 923 2532 et
946 2465 1178 2552 possessiones
1200 2475 1335 2532 nostras
1357 2473 1475 2532 contra
1498 2487 1617 2532 omnes

258 2573 419 2640 mortales
447 2570 744 2639 warantizabimus
773 2579 807 2638 et
838 2569 1085 2656 imperpetuum
1116 2569 1334 2636 defendemus
1362 2569 1402 2634 In
1429 2567 1526 2636 cuius
1553 2568 1617 2634 Rei

257 2676 489 2746 testimonium
519 2675 598 2743 huic
628 2673 775 2760 presenti
806 2683 897 2741 carte
921 2694 995 2740 mee
1018 2671 1167 2758 sigillum
1194 2693 1307 2739 meum
1333 2692 1478 2738 unacum
1506 2669 1617 2756 sigillo

257 2782 390 2850 heredis
407 2781 474 2850 mei
494 2781 688 2868 apparentis
706 2779 807 2848 dauid
826 2800 962 2864 murray
983 2780 1023 2844 In
1043 2777 1177 2864 signum
1194 2776 1245 2844 sui
1262 2775 1408 2844 beniuoli
1431 2797 1618 2844 consensus

257 2891 300 2956 ad
322 2887 391 2955 tale
416 2885 632 2954 caritatiuum
660 2905 745 2970 opus
771 2904 831 2970 pro
861 2881 1015 2969 meipso
1042 2889 1075 2948 et
1102 2879 1258 2948 omnibus
1285 2879 1558 2948 christifidelibus
1579 2890 1616 2947 vt

256 2992 419 3078 prefertur
441 2987 729 3057 consentientibus
744 2997 777 3053 et
793 2986 827 3052 in
844 2985 954 3057 maius
977 2985 1078 3051 robur
1101 2983 1211 3069 sigilla
1225 2981 1425 3050 venerabilis
1440 2994 1474 3050 et
1490 2983 1612 3068 egregij

239 3095 318 3164 uiri
333 3095 486 3180 magistri
502 3095 634 3160 Andree
649 3091 736 3158 kelle
751 3089 952 3158 thesaurarii
967 3112 1007 3156 ac
1025 3087 1188 3156 Officialis
1203 3085 1434 3156 abirdonensis
1450 3087 1502 3156 sui
1513 3087 1614 3156 officii

256 3225 334 3272 cum
358 3201 468 3288 sigillo
484 3199 617 3267 honesti
637 3199 698 3266 viri
716 3197 854 3266 Roberti
877 3197 998 3264 culane
1018 3193 1195 3281 burgensis
1214 3195 1256 3262 de
1273 3192 1431 3262 abirdene
1453 3213 1493 3262 ac
1515 3192 1615 3261 vnius

255 3307 457 3379 balliuorum
473 3304 553 3374 dicti
569 3301 665 3390 burgi
677 3311 856 3388 procurata
867 3299 1080 3386 presentibus
1092 3308 1170 3366 sunt
1186 3319 1336 3384 appensa
1351 3299 1441 3383 apud
1457 3295 1614 3366 abirdene

254 3411 431 3480 undecimo
454 3409 508 3478 die
532 3407 659 3476 mensis
678 3405 794 3493 aprilis
811 3407 910 3472 Anno
928 3403 1056 3472 domini
1078 3401 1258 3468 millesimo
1283 3398 1615 3487 quadringentesimo

256 3516 486 3603 Nonagesimo
504 3513 649 3600 septimo
665 3515 788 3581 Coram
806 3509 959 3577 honestis
978 3519 1011 3576 et
1032 3507 1186 3574 discretis
1203 3505 1283 3574 viris
1303 3505 1440 3575 domino
1462 3503 1614 3573 Iohanne

254 3622 390 3692 lentone
412 3619 587 3690 Willelmo
609 3617 737 3686 munel
757 3616 909 3684 Iohanne
932 3607 1059 3681 mu'rrel
1074 3611 1264 3680 Alexandro
1279 3609 1409 3696 gregori
1426 3618 1459 3678 et
1482 3609 1614 3678 roberto

255 3729 376 3815 gothra
391 3736 425 3796 et
448 3726 585 3800 matheo
600 3723 710 3810 pacok
724 3721 855 3790 notario
870 3720 1005 3807 publico
1021 3741 1099 3786 cum
1115 3717 1257 3786 diuersis
1272 3715 1348 3786 aliis

342 3833 485 3938 Summa
500 3829 601 3905 huius
615 3828 646 3913 vj
665 3827 711 3896 lib
727 3825 794 3912 xiiij
807 3849 824 3892 s
841 3825 896 3910 viij
909 3827 929 3892 d

887 4119 981 4186 LIV.

349 4261 537 4329 MNIBUS
552 4260 641 4326 hanc
658 4259 797 4327 Cartam
812 4255 935 4323 visuris
953 4255 1007 4322 vel
1027 4251 1193 4322 audituris
1207 4253 1359 4319 Andreas
1382 4271 1518 4335 murray
1537 4250 1613 4317 bur·
1634 4260 1737 4314 fol.ss¹

391 4365 505 4452 gensis
519 4363 615 4449 burgi
634 4365 675 4430 de
695 4361 861 4430 Abirdene
878 4363 1042 4428 Etemam
1066 4357 1101 4424 in
1117 4357 1254 4426 domino
1270 4355 1423 4423 Salutem
1440 4353 1615 4422 Noueritis

257 4493 311 4539 me
332 4471 547 4538 inhonorem
571 4467 637 4534 Dei
660 4465 901 4552 omnipotentis
921 4464 1039 4532 Sancti
1061 4461 1242 4530 saluatoris
1261 4459 1456 4528 beatissime
1475 4457 1614 4544 virginis

257 4573 361 4642 marie
375 4583 410 4644 et
425 4573 577 4640 omnium
592 4580 788 4649 sanctorum
804 4591 864 4655 pro
884 4569 994 4647 salute
1009 4566 1122 4634 anione
1143 4587 1217 4632 mee
1235 4563 1427 4644 animarum
1444 4563 1614 4648 quondam

925 4674 947 4721 u
