4460 5984
561 663 622 732 192
875 639 1047 710 Commune
1068 615 1200 708 Rmtolc
1222 638 1464 728 Capellaaorum
1486 640 1605 708 molesia

645 819 789 885 Summa
803 814 905 883 huius
919 835 963 882 xx
978 837 995 881 s

645 922 734 988 Item
760 940 821 1005 pro
846 917 1022 986 Willelmo
1048 917 1184 1002 cantely
1209 918 1251 994 de
1276 924 1366 983 terra
1392 916 1473 984 olim
1499 915 1606 1003 ipsius
1631 915 1797 1003 Willelmj
1824 937 1914 984 nunc
1978 971 1983 979 .

557 1023 729 1094 alexandri
745 1023 879 1090 tulideff
888 1021 923 1088 in
938 1021 1013 1090 vico
1028 1021 1198 1088 furcarum
1214 1041 1255 1088 ex
1271 1018 1425 1087 orientali
1441 1029 1537 1107 parte
1552 1021 1702 1088 eiusdem
1717 1019 1783 1106 vicj
1836 1020 1880 1106 xij
1899 1043 1916 1086 s

644 1131 733 1196 Item
748 1149 808 1214 pro
824 1128 941 1194 eodem
958 1127 999 1193 de
1014 1135 1104 1193 terra
1119 1133 1237 1192 nostra
1251 1147 1341 1192 noua
1356 1147 1398 1192 ex
1412 1147 1572 1212 premeua
1586 1124 1784 1194 fundatione

730 1227 733 1232 ’
1015 1255 1016 1258 “
1721 1227 1778 1314 xiij
1796 1225 1915 1314 eiiijd

644 1336 786 1402 Summa
802 1331 904 1401 huius
919 1354 984 1399 xxv
999 1353 1016 1398 s
1031 1331 1078 1417 iiij
1096 1333 1118 1398 d
1720 1383 1722 1388 .

644 1441 732 1508 Item
748 1461 808 1525 pro
825 1440 953 1506 Ioanne
969 1437 1092 1504 knollis
1107 1445 1141 1504 et
1156 1457 1256 1503 uxore
1268 1437 1310 1504 de
1321 1445 1410 1504 terra
1422 1438 1592 1522 quondam
1608 1436 1754 1521 duncanj
1771 1436 1915 1504 tailzour

556 1563 646 1610 nunc
664 1541 805 1609 Ioannis
820 1539 949 1608 arthuri
965 1539 1000 1605 in
1014 1539 1089 1606 vico
1104 1539 1274 1606 furcarum
1713 1539 1766 1624 xvj
1785 1561 1802 1606 s
1816 1539 1873 1624 viij
1891 1542 1912 1607 d

645 1645 733 1712 Item
754 1665 814 1730 pro
833 1643 951 1712 eodem
970 1644 1012 1709 de
1033 1651 1124 1710 terra
1147 1643 1318 1728 quondam
1343 1641 1483 1708 Ioannis
1506 1639 1655 1708 loudoris
1677 1642 1914 1732 nunclandree

555 1745 700 1816 tailzour
1304 1737 1308 1748 ’
1742 1743 1777 1830 iij
1795 1743 1913 1830 eiiijd

643 1850 786 1918 Summa
802 1845 993 1914 huiusxxs
1511 1887 1513 1892 -

645 1954 734 2020 Item
757 1971 817 2038 pro
833 1947 1151 2036 margareta'Waus
1165 1956 1199 2014 et
1220 1949 1349 2016 Ioanne
1372 1967 1508 2016 menzes
1530 1945 1604 2016 eius
1619 1968 1745 2033 sponsa
1760 1949 1802 2018 de
1824 1957 1914 2016 terra

555 2055 690 2143 gilberti
701 2073 837 2120 menzes
850 2054 989 2119 Iacente
1001 2050 1036 2116 in
1047 2050 1122 2118 vico
1134 2049 1236 2136 castri
1250 2072 1291 2117 ex
1302 2050 1442 2118 australi
1454 2059 1550 2136 parte
1560 2049 1711 2118 eiusdem
1722 2049 1787 2138 vicj
1806 2073 1850 2119 xx
1865 2051 1913 2119 s*

644 2159 786 2225 Summa
802 2154 902 2222 huius
917 2175 960 2220 xx
976 2175 993 2220 s

645 2263 733 2328 Item
756 2279 816 2344 pro
839 2259 966 2324 andrea
987 2255 1136 2324 branche
1158 2256 1200 2322 de
1223 2263 1313 2323 terra
1335 2255 1506 2342 quondam
1529 2256 1695 2326 Willelmi
1718 2259 1857 2328 meimis
1878 2260 1913 2327 in

554 2363 630 2432 vico
645 2360 792 2430 interiori
808 2357 950 2428 ecclesie
965 2379 1056 2426 nunc
1071 2366 1170 2426 vasta
1734 2363 1766 2450 vj
1785 2385 1802 2430 s
1816 2363 1873 2450 viij
1890 2367 1912 2432 d

643 2469 731 2535 Item
747 2487 807 2552 pro
823 2465 941 2532 eodem
957 2464 998 2532 de
1013 2473 1103 2530 terra
1118 2461 1254 2530 mathee
1269 2463 1397 2530 branch
1412 2462 1447 2529 in
1462 2462 1537 2532 vico
1552 2465 1693 2534 nauium
1741 2467 1775 2554 iij
1793 2489 1810 2534 s
1825 2468 1872 2555 iiij
1890 2470 1911 2537 d

641 2574 785 2641 Summa
801 2568 1020 2636 huiusxset
1036 2567 1158 2634 dehac
1173 2576 1272 2634 vasta
1287 2567 1319 2653 vj
1337 2567 1425 2653 eviij
1442 2568 1480 2636 d.

644 2679 732 2746 Item
748 2697 808 2762 pro
828 2677 956 2742 Ioanne
974 2673 1129 2742 durward
1152 2673 1194 2740 de
1216 2681 1307 2740 terra
1328 2673 1490 2740 heredum
1514 2673 1653 2742 Ioannis
1675 2675 1788 2744 kintor
1810 2699 1912 2764 quam

555 2780 723 2850 inhabitat
738 2799 821 2846 vxor
835 2777 936 2846 dauid
953 2799 1027 2844 mar
1041 2775 1183 2844 senioris
1198 2777 1233 2842 in
1248 2775 1323 2844 vico
1338 2776 1509 2862 superiore
1524 2777 1666 2846 ecclesie
1825 2803 1847 2848 v
1862 2784 1911 2852 s†

643 2887 731 2953 Item
747 2905 806 2970 pro
823 2885 950 2950 Ioanne
966 2891 1106 2950 stuwart
1122 2891 1156 2950 et
1170 2903 1272 2953 vxore
1287 2883 1433 2968 deterre
1447 2882 1529 2950 olim
1544 2882 1652 2970 ipsius
1668 2885 1807 2953 Ioannis
1822 2907 1912 2955 nuuc

554 2989 701 3075 duncenj
713 2997 828 3074 portar
836 2987 871 3054 in
880 2986 955 3054 vico
964 2987 1133 3054 furcarum
1144 3007 1185 3054 ex
1194 2986 1349 3056 orientali
1358 2996 1454 3074 parte
1463 2988 1614 3058 eiusdem
1623 2989 1688 3077 vicj
1723 2991 1789 3079 xvij
1804 2991 1877 3079 siiij
1891 2994 1912 3062 d

642 3096 785 3162 Summa
800 3092 906 3160 huius·
916 3091 983 3178 xvij
1001 3113 1018 3158 s
1033 3089 1080 3176 iiij
1097 3092 1119 3160 d

643 3201 731 3267 Item
748 3219 808 3285 pro
823 3197 961 3265 domino
981 3196 1162 3264 alexandro
1182 3204 1281 3264 vocat
1302 3204 1336 3263 et
1357 3205 1479 3282 agnete
1500 3197 1605 3266 fichat
1624 3219 1726 3268 vxore
1741 3201 1912 3286 quondam

554 3304 656 3376 dauid
671 3303 837 3372 collisoun
852 3303 894 3370 de
908 3311 999 3368 terra
1014 3301 1185 3386 quondam
1202 3299 1317 3370 Iacobi
1329 3301 1494 3370 collisoun
1506 3301 1541 3368 in
1556 3302 1631 3372 vico
1645 3303 1814 3372 furcarum
1830 3305 1911 3372 olim

555 3409 657 3479 dauid
672 3407 796 3476 roberti
811 3407 1000 3494 pertinente
1013 3427 1057 3474 ex
1071 3405 1274 3474 occidentali
1289 3415 1385 3492 parte
1400 3406 1551 3474 eiusdem
1710 3407 1746 3476 iii
1762 3430 1779 3476 s
1794 3409 1840 3495 iiij
1858 3411 1880 3478 d
1893 3413 1911 3492 1

643 3515 731 3582 Item
747 3533 808 3599 pro
823 3509 950 3578 eisdem
970 3511 1012 3578 de
1034 3519 1124 3577 terra
1139 3509 1258 3596 valterj
1275 3511 1456 3592 thomsone
1473 3533 1563 3580 nunc
1581 3511 1713 3580 Ionnalr
1727 3513 1911 3581 thomsoun

448 3607 456 3622 ⁶
556 3621 696 3688 Iacente
711 3619 746 3684 in
762 3618 880 3684 eadem
897 3625 992 3702 parte
1007 3615 1159 3684 eiusdem
1175 3615 1240 3702 vicj
1856 3640 1911 3685 vs

642 3725 731 3790 Item
768 3743 828 3808 pro
857 3719 984 3788 eisdem
1014 3721 1057 3788 de
1087 3729 1176 3788 terra
1214 3721 1384 3808 quondam
1423 3722 1547 3790 andree
1576 3721 1672 3790 antra
1703 3723 1842 3790 Iacente
1871 3745 1912 3792 ex

554 3827 710 3897 orientali
725 3834 821 3912 parte
837 3825 987 3892 eiusdem
1002 3816 1104 3891 vici'
1826 3826 1910 3912 xijd

642 3933 730 3998 Item
746 3931 787 3997 de
802 3939 892 3996 terra
908 3929 1048 3996 Ioannis
1063 3927 1228 3996 collisoun
1240 3927 1275 3995 in
1287 3929 1405 3996 eodem
1416 3927 1492 3996 vico
1507 3927 1638 3998 iacente
1654 3951 1695 3998 ex
1710 3929 1911 3999 occidentali

554 4044 651 4124 parte
665 4034 816 4102 eiusdem
832 4032 896 4120 vicj
915 4034 1016 4102 quta
1030 4042 1155 4100 terram
1172 4032 1303 4119 agnetis
1318 4033 1473 4101 buchane
1832 4057 1875 4102 xx
1890 4037 1912 4106 d

642 4140 730 4206 Item
753 4138 795 4205 de
817 4145 908 4204 terra
930 4137 1047 4204 thome
1069 4137 1212 4204 tailzour
1233 4157 1324 4204 nunc
1338 4137 1504 4223 Willelmj
1529 4137 1618 4206 lione
1641 4137 1675 4204 in
1697 4137 1793 4206 suthe
1808 4160 1911 4224 quam

555 4243 723 4312 inhabitat
741 4241 913 4310 Iohannes
928 4263 1045 4328 cromy
1843 4241 1877 4310 ix
1893 4265 1910 4310 s

641 4349 783 4416 Summa
798 4346 900 4415 huius
915 4368 958 4414 xx
973 4368 990 4414 s

674 4521 686 4548 ⁸
700 4517 809 4571 Gilberti
820 4531 925 4568 menaea
936 4516 969 4570 de
979 4515 1126 4583 pctlodellia
1395 4517 1415 4574 ψ
1427 4513 1559 4567 Heredum
1570 4511 1658 4582 gavini
1669 4513 1781 4566 vischcrt

670 4601 688 4662 Σ
698 4599 831 4654 vicesimo
842 4599 928 4652 Primo
940 4599 1030 4667 Mucij
1045 4613 1106 4664 ¹59³
1119 4597 1276 4650 Produetum
1287 4597 1313 4648 ln
1325 4597 1431 4650 modum
1442 4597 1602 4664 probatione
1612 4595 1707 4651 roberti
1723 4629 1732 4648 .
1749 4630 1757 4646 ·
1774 4629 1782 4650 .
