4460 5984
594 628 655 700 ¹5²
1045 605 1206 674 Fmdatio
1227 605 1331 672 lom
1352 603 1504 690 crcusard

592 784 688 854 chori
714 781 836 852 eclesie
856 778 1060 871 parochialis
1082 777 1152 848 diui
1174 775 1310 846 nicolaii
1332 777 1375 846 de
1397 775 1555 846 ebirdenc
1578 777 1779 850 conserendo
1798 755 1902 866 prout
1921 779 1956 848 in

593 898 691 960 carta
706 887 833 956 eisdem
849 883 1035 973 capellanis
1054 905 1114 971 per
1136 883 1294 952 Eundem
1316 880 1471 950 thomam
1494 883 1639 968 desuper
1653 883 1807 952 coniecta
1824 884 1957 978 plenius

594 993 787 1064 continetur
810 995 875 1061 Pro
898 991 1101 1078 quoquidem
1125 1009 1239 1060 annuo
1260 989 1393 1058 redditu
1416 987 1498 1058 dicti
1521 987 1687 1075 capellani
1712 989 1905 1078 obligarunt
1921 1013 1958 1060 se
1987 998 1990 1004 ’
2091 1005 2099 1027 '

595 1101 642 1168 Et
673 1121 753 1192 suos
784 1086 997 1166 successores
1027 1098 1070 1164 ad
1101 1095 1338 1164 celebrandurn
1364 1115 1468 1162 vnum
1499 1092 1768 1164 anniuersarium
1800 1096 1958 1166 videlicet

595 1205 736 1292 placebo
751 1213 785 1272 et
804 1203 909 1290 dirige
931 1201 967 1270 in
990 1201 1099 1288 primo
1123 1202 1265 1270 sabbato
1283 1199 1412 1268 mensis
1426 1199 1575 1268 octobris
1590 1201 1678 1270 Cum
1697 1199 1804 1272 missa
1819 1204 1861 1270 de
1876 1211 1958 1271 nota

595 1307 816 1378 indominica
836 1305 989 1392 sequenti
1006 1307 1052 1376 Et
1067 1303 1249 1392 trigentale
1269 1325 1329 1393 per
1346 1303 1552 1374 ebdomitam
1574 1304 1750 1376 annuatim
1766 1327 1827 1392 pro
1844 1306 1959 1376 anima

595 1411 677 1482 dicti
693 1413 863 1500 quondam
886 1409 1000 1498 gavini
1023 1409 1138 1496 sponsi
1161 1409 1214 1478 sui
1237 1411 1380 1478 Necnon
1403 1429 1463 1496 pro
1485 1407 1666 1501 animabus
1684 1419 1864 1496 parentum
1879 1395 1986 1480 con·'

596 1517 859 1604 sanguineorum
894 1517 941 1584 Et
976 1515 1227 1586 benefactorum
1266 1514 1463 1583 Eorundem
1501 1514 1644 1582 Necnon
1680 1535 1741 1600 pro
1778 1513 1958 1585 animabus

596 1623 748 1692 omniurn
778 1620 930 1690 fidelium
957 1621 1191 1689 defunctorum
1219 1620 1265 1686 Et
1292 1619 1357 1688 hoc
1383 1618 1583 1688 durantibus
1616 1618 1735 1688 diebus
1769 1619 1839 1688 vite
1868 1619 1958 1688 dicte

599 1729 717 1796 Ionete
733 1729 816 1794 Post
831 1725 961 1795 obitum
977 1747 1056 1792 vero
1071 1724 1221 1794 eiusdem
1245 1723 1326 1794 dicti
1350 1721 1516 1811 capellani
1539 1723 1756 1796 celebrabunt
1781 1724 1957 1794 annuatim

596 1853 698 1900 vnarn
715 1831 856 1898 missam
878 1831 921 1898 de
944 1838 1024 1898 nota
1047 1829 1082 1896 in
1105 1829 1159 1898 die
1182 1827 1294 1898 obitus
1312 1851 1373 1896 sue
1393 1850 1471 1896 cum
1486 1827 1659 1915 trigentali
1675 1851 1735 1916 per
1750 1829 1956 1910 ebdomitam

599 1940 741 2006 Necnon
758 1936 935 2006 annuatim
959 1935 994 2004 in
1017 1935 1146 2023 prefata
1168 1933 1277 2022 prima
1300 1933 1470 2004 dominica
1492 1935 1641 2004 octobris
1658 1958 1719 2024 pro
1734 1935 1849 2006 anima
1864 1945 1957 2004 ante·

598 2043 680 2116 dicti
707 2043 877 2128 quondam
903 2039 1017 2126 gavini
1042 2061 1144 2108 vnam
1172 2039 1312 2108 missam
1338 2041 1380 2108 de
1406 2050 1488 2110 nota
1513 2032 1592 2110 c'um
1617 2064 1680 2110 suo
1704 2041 1877 2128 trigentali
1900 2063 1960 2129 per

599 2146 806 2218 ebdomitam
831 2144 904 2212 siue
927 2144 1068 2232 placebo
1090 2155 1124 2212 et
1147 2144 1253 2232 dirige
1269 2147 1413 2232 Insuper
1430 2146 1591 2216 collector
1606 2145 1773 2218 dictorum
1789 2147 1957 2234 capellan-

599 2273 696 2320 orum
711 2249 747 2317 in
762 2247 863 2317 dictis
879 2247 1120 2316 anniuersariis
1135 2270 1236 2334 super
1247 2259 1469 2320 monumenta
1480 2251 1646 2320 dictorum
1661 2251 1776 2338 gavini
1790 2262 1825 2320 et
1842 2254 1959 2320 lonete

598 2355 734 2424 tabulas
749 2352 911 2420 honestas
922 2352 1099 2420 annuatim
1111 2353 1289 2422 collocabit
1301 2356 1460 2423 decenter
1474 2365 1652 2444 coapertas
1666 2355 1846 2426 luminaria
1862 2377 1959 2426 cerea

600 2457 749 2528 inueniet
771 2479 956 2544 campanas
971 2457 1113 2526 ecclesie
1127 2457 1216 2527 trina
1231 2457 1305 2527 vice
1319 2459 1447 2546 pulsari
1469 2461 1593 2530 facient
1618 2461 1760 2530 Necnon
1786 2461 1821 2529 in
1843 2460 1958 2549 vigilia

600 2563 768 2634 dictorum
806 2562 1113 2632 anniuersariornm
1143 2583 1323 2650 preconem
1361 2585 1421 2650 per
1456 2565 1572 2634 vrbem
1611 2563 1755 2634 transire
1789 2564 1891 2634 faciet
1922 2573 1959 2633 ut

600 2673 761 2744 incitetur
776 2674 921 2762 populus
936 2673 1046 2744 tidelis
1061 2676 1104 2744 ad
1126 2675 1291 2743 orandum
1314 2695 1375 2762 pro
1398 2673 1577 2744 animabus
1599 2674 1765 2744 dictorum
1788 2677 1958 2762 quondam

600 2778 714 2866 gavini
729 2788 763 2848 et
780 2781 898 2848 Ionete
921 2779 1063 2848 Necnon
1085 2779 1199 2848 omnia
1216 2779 1285 2848 alia
1300 2781 1347 2847 Et
1363 2779 1497 2868 singula
1517 2780 1644 2850 facient
1658 2791 1693 2850 et
1708 2781 1957 2868 perimplebunt

601 2887 636 2952 in
651 2885 778 2954 talibus
792 2883 1034 2954 anniuersariis
1056 2884 1190 2952 vsitatis
1213 2893 1246 2952 et
1269 2885 1442 2954 consuetis
1462 2885 1516 2954 Ad
1538 2887 1627 2972 quod
1648 2885 1840 2956 iaciendum
1855 2885 1958 2954 Ante·

601 2989 684 3060 dicti
699 2987 866 3077 capellani
881 2989 1072 3085 obligarunt
1088 3011 1124 3056 se
1140 2991 1187 3058 Et
1204 3011 1284 3058 suos
1299 3011 1512 3058 successores
1526 2979 1751 3077 impe'rpetum
1767 2989 1802 3056 in
1817 2989 1958 3060 vberiori

600 3097 709 3164 forma
736 3097 846 3180 Super
871 3093 993 3181 quibus
1018 3094 1175 3164 omnibus
1201 3096 1248 3164 Et
1275 3095 1419 3182 singulis
1439 3095 1532 3164 dicta
1555 3097 1675 3164 loneta
1696 3097 1727 3164 A
1749 3117 1805 3164 me
1827 3096 1959 3164 notario

602 3201 736 3290 publico
752 3199 815 3268 sibi
830 3199 902 3267 fieri
917 3199 1018 3286 peciit
1033 3221 1172 3287 presens
1194 3201 1367 3288 publicum
1389 3201 1653 3271 instrumentum
1668 3201 1756 3270 Acta
1771 3203 1882 3270 Erant
1897 3201 1960 3270 beo

601 3307 637 3374 in
661 3305 810 3392 capitulo
832 3303 922 3374 dicte
943 3304 1085 3372 ecclesie
1106 3306 1225 3374 horam
1248 3305 1383 3374 circiter
1403 3315 1563 3376 octauam
1581 3315 1662 3376 ante
1684 3305 1858 3375 meridiem
1889 3307 1960 3376 Sub

602 3413 702 3478 Anno
728 3409 781 3478 die
807 3431 924 3478 mense
950 3408 1132 3478 indictione
1159 3413 1206 3479 Et
1231 3411 1432 3498 pontificatu
1461 3413 1583 3500 quibus
1609 3433 1712 3499 supra
1742 3411 1960 3480 Presentibua

604 3514 728 3584 ibidem
743 3513 992 3584 venerabilibus
1014 3517 1060 3582 Et
1083 3515 1238 3584 discretis
1259 3515 1340 3584 viris
1363 3515 1536 3604 magistris
1558 3515 1660 3586 dauid
1682 3515 1831 3584 menzeis
1853 3515 1960 3584 sacris

602 3617 725 3686 litteris
739 3617 976 3688 bacchalaurio
990 3619 1164 3690 Willelmo
1182 3619 1360 3708 pbilpsone
1383 3623 1431 3690 Et
1454 3623 1583 3690 Ioanne
1603 3620 1804 3690 nicholsoun
1818 3619 1960 3690 notariis

470 3831 476 3844 ι
604 3720 747 3810 publicis
763 3723 851 3792 Cum
867 3723 989 3792 ceteris
1003 3725 1227 3796 confratribus
1241 3723 1322 3796 dicti
1338 3725 1479 3814 capituli
1494 3727 1544 3798 &c
1559 3727 1610 3796 &c

675 3983 701 4029 0
735 3933 782 4000 Et
798 3932 874 4018 Ego
895 3932 997 4002 dauid
1014 3933 1244 4004 Nicholsoune
1258 3934 1388 4005 arcium
1404 3937 1572 4024 professor
1616 3983 1958 4006 .......

635 4031 702 4144 a}
734 4035 935 4106 balliuorum
976 4039 1256 4108 aberdonensium
1302 4087 1642 4110 .......
1687 4061 1819 4110 necnon
1864 4041 1960 4108 sacra

642 4121 694 4239 5⁰5
733 4141 921 4228 apostolica
965 4145 1165 4214 auctoritate
1218 4144 1371 4216 notarius
1414 4147 1570 4233 publicus
1614 4147 1771 4216 omnibus
1814 4155 1849 4214 et
1893 4145 1960 4212 sin·

681 4239 1042 4332 'gulis....

876 4441 1013 4527 Reliqua
1020 4448 1097 4530 pars
1112 4444 1313 4512 atbsmtioms
1327 4446 1455 4514 manino
1468 4447 1632 4516 obliterata
1645 4453 1688 4516 est
