4488 5996
599 709 763 778 Fundacio
784 707 931 796 magistri
952 707 1103 774 Iohannis
1125 705 1335 794 Baidemugh
1584 723 1647 790 243

292 887 477 955 amicorum
494 905 645 952 meorum
658 883 925 970 predicassorum
942 889 975 948 et
992 901 1224 948 successorum
1240 889 1274 947 et
1290 879 1479 948 animarum
1495 879 1646 946 omnium

291 991 440 1059 fidelium
457 991 510 1058 dei
526 989 759 1056 defunctorum
775 987 907 1054 dedisse
923 997 956 1054 et
969 985 1177 1054 concessisse
1192 1007 1232 1054 ac
1248 985 1395 1072 presenti
1412 997 1505 1052 carta
1521 1007 1597 1052 mea
1612 985 1647 1050 in

291 1117 410 1184 puram
427 1105 461 1162 et
476 1103 674 1181 perpetuam
693 1090 905 1159 elimosinam
929 1091 1147 1158 confirmasse
1169 1089 1302 1158 dilectis
1324 1089 1547 1158 confratribus
1563 1087 1648 1158 meis

291 1209 409 1268 curato
431 1209 465 1266 et
489 1197 673 1284 capellanis
696 1196 789 1264 chori
813 1195 955 1263 ecclesie
977 1193 1183 1282 parochialis
1205 1195 1296 1263 beati
1318 1193 1477 1281 nicholaij
1494 1194 1590 1280 burgi
1606 1195 1647 1262 de

291 1307 468 1372 Aberdene
492 1323 596 1370 vnum
623 1322 774 1369 annuum
801 1299 968 1368 redditum
995 1297 1114 1385 viginti
1141 1309 1286 1383 quatuor
1311 1297 1493 1366 solidorum
1520 1295 1648 1364 vsualis

291 1419 426 1476 monete
444 1408 554 1476 scocie
577 1405 680 1474 michi
702 1405 853 1472 debiturn
876 1407 918 1472 de
940 1413 1029 1472 terra
1048 1403 1212 1470 Iohannis
1235 1403 1419 1472 matelland
1441 1402 1550 1470 incole
1566 1401 1647 1470 dicti

291 1515 386 1600 burgi
409 1516 546 1581 Iacente
568 1511 603 1579 in
625 1511 700 1580 vico
722 1509 868 1577 inien'ori
892 1507 973 1577 dicti
996 1509 1092 1596 burgi
1115 1531 1182 1594 quo
1204 1508 1272 1576 itur
1293 1511 1336 1576 ad
1359 1507 1537 1574 ecclesiam
1556 1505 1647 1574 beati

290 1619 448 1704 nicholaij
466 1619 554 1684 inter
567 1627 692 1684 terram
711 1617 880 1700 quondam
904 1615 1037 1682 Andree
1060 1613 1234 1680 murisoun
1257 1633 1298 1680 ex
1320 1611 1474 1679 orientali
1497 1621 1594 1698 parte
1612 1621 1646 1677 et

290 1731 415 1788 terram
440 1741 550 1788 meam
574 1720 745 1806 propriam
768 1719 956 1804 proximam
979 1728 1013 1786 et
1036 1719 1230 1805 contiguam
1257 1717 1346 1786 dicte
1372 1729 1459 1786 terre
1484 1717 1648 1785 Iohannis

291 1827 476 1894 matelland
502 1827 762 1893 descendentem
789 1827 832 1892 ad
858 1833 1043 1892 torrentem
1070 1833 1355 1892 transcurrentem
1382 1845 1423 1890 ex
1445 1823 1646 1890 occidentali

290 1941 386 2018 parte
401 1941 435 1998 ct
450 1951 666 1998 communem
681 1929 772 1998 viam
787 1929 915 2016 regiam
931 1951 998 2016 qua
1013 1931 1228 1998 descenditur
1250 1931 1294 1997 ad
1316 1927 1444 1996 dictum
1462 1937 1646 1996 torrentem

290 2055 407 2101 versus
430 2045 560 2120 partem
584 2034 753 2102 borealem
777 2044 812 2100 et
834 2043 957 2101 terram
983 2033 1122 2101 Roberti
1145 2033 1309 2119 kenncrty
1322 2053 1440 2100 versus
1463 2033 1646 2100 australem

291 2149 422 2224 partem
449 2137 599 2205 eiusdem
626 2147 715 2204 terre
738 2137 1018 2205 TENENDUM
1050 2145 1084 2204 et
1114 2137 1306 2204 habendum
1337 2135 1465 2204 dictum
1495 2157 1646 2204 annuum

291 2243 458 2311 redditum
473 2242 593 2329 viginti
616 2253 761 2328 quatuor
784 2243 966 2309 solidorum
990 2263 1011 2310 a
1033 2263 1087 2308 me
1110 2241 1289 2310 heredibus
1307 2241 1392 2308 meis
1411 2251 1445 2308 et
1464 2241 1647 2328 assignatis

291 2347 325 2414 in
348 2369 467 2434 puram
490 2357 524 2414 et
551 2357 748 2433 perpetuam
776 2347 988 2414 elimosinam
1014 2345 1115 2414 dictis
1142 2357 1259 2414 curato
1285 2355 1319 2414 et
1346 2345 1530 2432 capellanis
1554 2345 1646 2414 chori

290 2451 379 2518 dicte
394 2451 535 2519 ecclesie
554 2451 757 2536 parochialis
779 2453 821 2518 de
843 2453 1018 2518 Aberdene
1040 2461 1074 2518 ct
1097 2451 1175 2518 suis*
1191 2450 1441 2518 successoribus
1457 2450 1537 2518 dicti
1553 2427 1647 2518 ‹ihori

290 2557 475 2642 capellanis
501 2556 749 2642 imperpetuum
772 2557 953 2625 leuandum
977 2567 1011 2624 et
1034 2557 1284 2644 percipiendum
1312 2557 1487 2624 annuatim
1511 2559 1553 2626 de
1575 2579 1647 2644 pre·

290 2660 381 2728 dicta
395 2671 485 2728 terra
500 2683 577 2728 cum
594 2663 665 2728 suis
680 2661 896 2748 pertinenciis
919 2665 962 2732 ad
985 2665 1069 2730 duos
1085 2665 1164 2750 annj
1181 2663 1344 2730 terminos
1358 2665 1493 2730 vsuales
1509 2663 1647 2750 penthe-

291 2775 402 2832 costes
416 2765 571 2832 videlicet
588 2775 621 2832 ct
637 2767 746 2832 saneti
770 2767 906 2852 martinj
932 2767 966 2833 in
988 2789 1086 2854 yeme
1108 2789 1168 2854 per
1190 2769 1327 2854 equales
1350 2768 1525 2854 porciones
1549 2769 1594 2836 Et
1618 2767 1647 2835 si

290 2889 428 2938 necesse
443 2871 541 2938 luerit
558 2893 617 2957 pro
633 2871 723 2938 dicto
742 2895 855 2942 annuo
877 2873 1010 2942 redditu
1033 2873 1158 2942 dictam
1181 2883 1306 2942 terram
1329 2895 1407 2941 cum
1430 2871 1648 2960 pertinenciis

290 2977 450 3044 namandi
466 2987 499 3043 et
516 2975 737 3063 distringendi
752 2979 882 3046 tociens
898 2979 1059 3066 quociens
1073 3001 1159 3066 opus
1183 2979 1282 3047 fuerit
1298 2989 1332 3047 et
1348 2978 1448 3046 dictis
1462 2975 1647 3064 capellanis

290 3079 456 3148 videbitur
470 3081 650 3166 expediens
666 3084 750 3149 adeo
766 3081 868 3150 libere
884 3083 995 3168 quiete
1015 3083 1144 3170 integre
1166 3083 1349 3150 honorifice
1364 3085 1449 3151 bene
1464 3091 1497 3150 et
1513 3081 1548 3148 in
1564 3103 1647 3168 pace

290 3188 505 3272 gaudendum
522 3197 555 3254 et
571 3189 819 3273 possedendum
836 3189 923 3256 sicut
940 3189 1062 3276 aliquis
1077 3211 1210 3256 annuus
1222 3190 1372 3257 redditus
1387 3189 1473 3256 infra
1489 3189 1646 3273 Regnum

291 3291 400 3360 scocie
424 3291 458 3356 in
482 3303 679 3378 perpetuam
703 3303 736 3360 et
761 3315 880 3380 puram
904 3295 1117 3362 elimosinam
1136 3297 1236 3362 datur
1258 3295 1453 3361 conceditur
1467 3303 1525 3360 aut
1542 3291 1647 3379 possi·

290 3397 388 3462 detur
409 3396 482 3462 sine
505 3397 617 3482 aliqua
639 3399 859 3468 reuocacione
882 3401 1127 3468 reclamacione
1151 3401 1416 3468 contradictione
1434 3411 1493 3468 aut
1509 3397 1648 3484 impedi·

291 3509 407 3566 mento
422 3501 543 3584 quouis
559 3501 690 3586 quesito
709 3503 819 3569 colore
842 3505 931 3571 elam
946 3506 999 3571 vel
1016 3505 1129 3592 palam
1145 3505 1180 3574 in
1197 3503 1328 3572 Iudicio
1343 3504 1396 3571 uel
1413 3513 1507 3570 extra
1522 3501 1647 3569 directe
1719 3530 1728 3552 κ

290 3605 344 3670 uel
368 3604 529 3672 indirecte
551 3627 611 3691 per
633 3629 687 3673 me
711 3607 851 3676 heredes
873 3631 968 3677 meos
990 3619 1048 3677 aut
1068 3609 1260 3696 assignatos
1283 3609 1408 3676 aliosve
1429 3625 1647 3692 quoscunque

290 3709 342 3773 vel
359 3731 592 3795 quemcunque
604 3711 740 3778 nomine
756 3722 872 3780 nostro
886 3713 939 3780 vel
956 3735 996 3780 ex
1011 3723 1106 3799 parte
1118 3723 1234 3781 nostra
1249 3713 1283 3779 in
1300 3711 1506 3780 contrarium
1520 3710 1646 3796 aliqua·

290 3812 366 3878 liter
387 3813 550 3880 iaciendis
570 3817 617 3882 Et
640 3837 701 3902 pro
723 3839 790 3902 quo
810 3818 945 3903 quidem
966 3839 1079 3886 annuo
1101 3819 1233 3886 redditu
1248 3817 1368 3904 viginti
1386 3827 1531 3902 quatuor
1547 3814 1647 3881 solid·

290 3939 386 3984 orum
404 3918 496 3984 Dicti
512 3929 649 3987 curatus
671 3929 705 3987 et
729 3923 894 4008 capellanj
919 3945 959 3990 ac
982 3923 1033 4008 suj
1058 3943 1271 3989 successores
1292 3921 1539 4007 imperpetuum
1555 3928 1647 3985 tene·

288 4025 412 4089 bunter
435 4023 521 4090 sicut
544 4045 658 4092 coram
683 4047 839 4110 supremo
858 4028 979 4094 ‚Iudice
1002 4028 1124 4094 luerint
1148 4025 1339 4113 responsuri
1359 4025 1451 4092 omni
1469 4023 1647 4090 ebdomida

291 4127 459 4192 celebrare
475 4149 575 4212 quarn
592 4129 649 4196 diu
660 4130 773 4196 vixero
782 4153 883 4198 vnam
900 4133 1039 4198 missam
1056 4133 1097 4198 de
1113 4130 1437 4198 commemoracione
1453 4128 1648 4197 beatissime

290 4231 430 4316 virginis
460 4233 564 4300 marie
595 4237 637 4301 ad
668 4237 774 4303 altare
804 4238 913 4304 sancti
942 4239 1105 4306 Iohannis
1132 4237 1278 4323 baptiste
1305 4237 1468 4304 situatum
1494 4233 1529 4300 in
1556 4234 1648 4300 dicta

291 4336 475 4421 parochiali
506 4337 649 4406 ecclesia
678 4341 768 4407 beati
800 4343 968 4429 Nicholaij
994 4365 1072 4410 cum
1103 4345 1245 4410 collecta
1275 4363 1335 4428 pro
1364 4340 1587 4428 prosperitate
1613 4347 1647 4404 et

292 4439 401 4506 salute
425 4461 500 4508 mea
523 4464 624 4528 quam
648 4445 706 4512 diu
726 4447 838 4513 vixero
861 4457 1054 4534 prosperet
1077 4449 1256 4515 incolumis
1271 4447 1306 4513 in
1322 4446 1481 4514 humanis
1504 4447 1549 4511 Et
1570 4453 1646 4529 post

293 4553 436 4612 mortem
467 4567 578 4613 meam
605 4557 638 4614 et
669 4551 712 4616 ab
741 4550 805 4616 hoc
830 4551 944 4618 seculo
974 4551 1214 4637 migracionem
1245 4551 1450 4618 tenebuntur
1478 4547 1647 4614 celebrare

292 4649 468 4716 annuatim
499 4659 532 4717 et
562 4651 810 4738 imperpetuum
848 4677 917 4743 pro·
942 4657 1052 4724 salute
1081 4657 1193 4724 anime
1223 4677 1297 4723 mec
1328 4653 1435 4742 patris
1464 4663 1497 4719 et
1527 4651 1647 4718 matris
