4490 5990
653 636 1226 754 soaaeosapaaeanm
1554 681 1618 752 n,

259 847 489 908 memorantes
510 838 661 908 animam
685 859 797 908 mecm
812 839 848 908 in
863 839 969 910 missa
991 861 1070 908 cum
1090 839 1246 910 oracione
1261 849 1299 908 ut
1314 839 1481 910 voluerint
1504 859 1618 908 coram

260 963 395 1010 summo
425 941 541 1012 Iudice
571 943 772 1029 respondere
802 943 901 1012 Vnde
930 941 1058 1012 dictum
1089 951 1141 1010 est
1172 941 1229 1028 qui
1262 943 1365 1010 sentit
1403 944 1618 1012 commodum

259 1045 385 1112 sentire
407 1047 509 1114 deum
530 1054 564 1114 et
584 1045 696 1114 omnis
718 1065 783 1131 que
806 1065 861 1112 res
882 1045 1005 1114 honest
1028 1065 1107 1114 cum
1130 1045 1255 1114 honere
1278 1047 1338 1114 Set
1354 1044 1544 1114 siricarius
1565 1046 1618 1114 vel

260 1149 348 1217 alius
375 1149 572 1234 capellanus
594 1149 637 1217 ad
660 1147 848 1216 matutinas
870 1147 999 1218 scilicet
1025 1147 1131 1234 dirige
1156 1147 1374 1235 exequiarum
1398 1147 1621 1234 personaliter

260 1272 329 1320 non
350 1251 450 1318 fuerit
473 1259 688 1336 presentatus
704 1271 744 1318 ac
760 1249 868 1318 eciam
892 1271 959 1316 non
978 1249 1127 1318 existens
1146 1249 1181 1318 in
1201 1249 1305 1318 choro
1327 1250 1362 1316 in
1382 1250 1501 1320 habitu
1517 1271 1538 1318 a
1552 1251 1619 1318 fine

261 1355 427 1440 usquead
443 1355 545 1422 linem
568 1354 632 1420 Illo
652 1362 804 1438 tempore
818 1352 946 1422 carebit
968 1351 1127 1438 porcione
1142 1374 1205 1420 sua
1220 1373 1284 1438 que
1300 1352 1414 1438 porcio
1432 1355 1618 1422 secundum

262 1455 499 1524 discretionem
521 1453 639 1522 vicarii
660 1464 695 1522 et
719 1453 971 1540 capellanorum
993 1453 1220 1540 predictorum
1235 1454 1271 1522 in
1289 1455 1518 1524 celebracione
1540 1455 1620 1522 mis·

262 1579 376 1626 sarum
393 1580 454 1644 pro
469 1557 637 1626 deiunctis
658 1556 838 1626 caritatiue
860 1555 1080 1626 distribuetur
1101 1557 1163 1626 Set
1178 1556 1207 1624 si
1222 1557 1345 1643 aliquis
1368 1558 1619 1644 capellanorum

262 1661 297 1729 in
322 1661 377 1728 die
406 1661 486 1728 lune
511 1669 549 1728 ut
575 1659 704 1728 dictum
730 1669 782 1728 cst
808 1658 843 1728 in
868 1657 1033 1744 trigintali
1063 1679 1123 1746 pro
1153 1659 1333 1728 animabus
1361 1660 1396 1726 in
1426 1659 1621 1747 purgatorio

263 1763 490 1848 specificando
511 1761 662 1830 animam
686 1783 797 1829 meam
813 1760 849 1828 in
864 1759 1008 1830 ccclesia
1030 1760 1215 1846 parochiali
1230 1783 1298 1830 non
1311 1763 1533 1830 celebrauerit
1557 1763 1620 1830 Ille

262 1863 389 1932 carebit
412 1865 570 1950 porcione
593 1885 655 1932 sua
675 1885 740 1949 que
760 1862 875 1948 porcio
890 1863 1090 1949 disponatur
1104 1873 1260 1949 utsupra
1282 1865 1370 1932 Volo
1392 1875 1508 1934 autem
1531 1869 1620 1952 quod

262 1967 374 2052 clericj
399 1967 547 2035 habeant
570 1976 648 2033 octo
669 1965 826 2034 denarios
841 1965 997 2034 detersis
1013 1965 1177 2034 Iohannis
1192 1967 1253 2034 lilii
1274 1967 1391 2036 thome
1406 1977 1440 2036 ct
1457 1969 1621 2038 Iohannis

262 2069 373 2155 clericj
399 2091 511 2136 meam
534 2069 710 2155 pulsantes
733 2067 944 2136 mencionem
967 2069 1145 2138 annuatim
1161 2069 1196 2136 in
1212 2069 1309 2138 cuius
1323 2071 1370 2156 rej
1386 2071 1620 2142 testimonium

263 2171 411 2256 sigillum
428 2193 542 2238 mcum
558 2171 771 2257 presentibus
786 2179 837 2238 est
853 2191 1041 2256 appensum
1057 2180 1091 2238 ct
1106 2172 1159 2239 Ad
1175 2171 1337 2242 maiorem
1349 2172 1396 2258 rcj
1409 2173 1620 2244 euidcnciam

263 2273 412 2358 sigillum
437 2294 618 2342 commune
644 2273 740 2358 burgi
763 2274 805 2341 de
827 2275 996 2342 aberdena
1021 2295 1099 2342 cum
1126 2273 1296 2342 instancia
1321 2297 1387 2362 que
1409 2277 1522 2346 decuit
1546 2299 1621 2364 pro-

263 2375 380 2444 curaui
404 2376 530 2462 pariter
552 2397 631 2444 cum
657 2375 768 2460 sigillo
791 2377 915 2444 andree
939 2376 1086 2444 brancho
1107 2376 1208 2446 unius
1230 2377 1432 2446 hallinorum
1458 2381 1621 2450 antedicti

264 2478 360 2564 burgi
387 2501 426 2546 ac
452 2477 581 2547 datoris
607 2477 719 2545 casine
745 2478 869 2564 apponj
897 2479 1109 2564 presentibus
1139 2479 1303 2565 acquisiuj
1335 2481 1425 2566 apud
1455 2483 1621 2552 aberdene

265 2591 385 2667 quarto
411 2581 465 2650 dic
489 2580 616 2648 mensis
638 2581 794 2665 februarii
822 2601 913 2648 anno
937 2580 1064 2648 domini
1087 2581 1269 2650 millesimo
1290 2583 1621 2670 quadringentesimo

264 2684 439 2770 trigesimo
468 2692 591 2752 octauo
620 2682 833 2769 presentibus
862 2681 1009 2753 dominis
1037 2683 1188 2752 villelmo
1217 2685 1321 2754 house
1346 2686 1496 2755 villelmo
1522 2687 1622 2756 leitht

265 2787 450 2874 capellanie
473 2787 628 2856 Iohanne
650 2807 746 2870 mayr
767 2786 887 2854 thoma
908 2785 1042 2862 blinscll
1063 2793 1097 2854 et
1119 2786 1272 2858 Iohanne
1288 2788 1375 2882 'trail
1400 2791 1623 2878 burgensibus

264 2899 299 2958 et
314 2889 496 2960 alexandro
514 2889 664 2974 slrynnar
677 2896 760 2954 tunc
775 2887 906 2957 hedello
921 2909 999 2968 Qum
1015 2889 1168 2974 Pluribus
1186 2889 1320 2975 alijsad
1336 2891 1502 2977 premisse
1517 2894 1623 2980 speci-

264 2991 363 3060 aliter
378 2991 506 3077 rogatis
521 3000 555 3058 et
570 2989 741 3076 requisitis
934 3031 938 3056 t
1262 3007 1289 3058 a*

336 3089 362 3185 ἓ
397 3097 474 3162 Hoc
497 3103 549 3162 est
571 3115 688 3162 verum
711 3092 883 3178 exemplar
897 3093 1093 3180 principalis
1108 3105 1201 3166 carte
1216 3096 1478 3168 collacionatum
1494 3121 1555 3186 per
1569 3121 1623 3168 me

304 3171 355 3308 ἐξ
396 3198 565 3268 notarium
589 3197 762 3284 publicum
784 3199 1012 3284 subscriptum
1113 3243 1117 3252 -
1177 3264 1181 3272 ,

304 3289 362 3410 ἕξ
527 3305 582 3370 lta
611 3312 663 3370 est
693 3301 855 3388 magister
885 3303 1057 3372 lohannes
1090 3305 1255 3392 Kenncdy
1283 3305 1437 3376 notarius
1469 3309 1624 3394 publicus

336 3412 354 3499 ξ
524 3429 627 3477 manu
650 3407 784 3494 propria

701 3545 744 3612 In
757 3543 852 3613 Folio
866 3543 929 3632 47¹
943 3545 1027 3614 nihil
1039 3547 1188 3616 scribitur
1257 3551 1259 3557 '

881 3755 1009 3824 LXIV.

361 3885 549 3958 narnus
570 3887 687 3958 christi
705 3889 861 3960 fidelibus
880 3890 969 3960 nane
990 3895 1130 3962 cartam
1148 3878 1273 3964 visum
1289 3895 1342 3965 ver
1363 3897 1529 3968 suntuna
1549 3901 1623 3972 ste·
1643 3917 1747 3976 mn·

402 3989 536 4076 phanus
566 3991 608 4060 de
636 3991 786 4081 balcronj
818 3995 994 4082 burgensis
1019 3996 1115 4084 burgi
1146 3999 1188 4066 de
1216 4000 1383 4070 aberdcne
1412 4003 1557 4074 salutem
1587 4005 1622 4074 in

264 4091 401 4162 domino
425 4091 666 4180 sempiternam
689 4095 853 4164 noueritis
875 4097 980 4165 mein
996 4107 1217 4186 augmentum
1240 4102 1353 4172 cultus
1374 4104 1480 4192 diuini
1504 4116 1539 4176 et
1561 4129 1622 4194 pro

265 4195 375 4264 salute
398 4195 588 4264 animarum
612 4197 678 4264 mei
701 4206 735 4266 et
758 4197 901 4266 mariote
923 4221 1046 4286 sponse
1069 4223 1145 4270 mee
1166 4214 1412 4292 parentumque
1434 4208 1620 4279 amicorum

264 4309 516 4367 antecessorum
540 4299 684 4386 prolium
708 4310 741 4368 et
765 4322 998 4370 successorum
1021 4313 1213 4374 nostrorum
1234 4327 1274 4376 ac
1294 4309 1446 4378 omnium
1469 4312 1621 4382 fidelium

263 4401 498 4470 defunctorum
514 4401 648 4470 dedisse
670 4401 879 4472 concessisse
894 4425 935 4472 ao
950 4415 1106 4490 presente
1122 4418 1216 4478 carta
1231 4431 1308 4480 mea
1323 4413 1542 4482 confirmasse
1557 4417 1621 4494 deo

263 4504 487 4591 omnipotenti
512 4514 545 4571 et
570 4503 643 4572 eius
668 4505 769 4573 matri
796 4507 893 4574 beate
920 4507 1025 4574 marie
1050 4508 1171 4596 virgini
1196 4519 1229 4580 et
1252 4512 1410 4582 omnihus
1433 4517 1562 4586 sanctis
1585 4529 1620 4587 et

263 4608 362 4676 altari
386 4607 477 4675 beati
501 4607 658 4694 stephani
682 4607 952 4694 prothomartiris
975 4630 1016 4677 ac
1040 4611 1216 4696 capellano
1241 4613 1372 4683 Ibidem
1396 4615 1511 4686 diuina
1534 4621 1618 4690 cele-
