4460 5984
634 689 766 758 Rantala
787 688 926 756 obilmrm
948 695 976 758 el
996 691 1300 758 numerariorum
1590 711 1653 776 213

381 862 600 932 Honorabilis
618 862 670 930 vit
693 884 881 950 magosque
894 864 1080 949 ¹prudentie
1102 875 1136 932 et
1159 865 1295 932 honoris
1312 866 1465 932 Andreas
1489 865 1651 932 alansone
1673 877 1790 930 mosera

294 971 464 1054 quondam
483 968 674 1055 prepositus
694 969 794 1038 huius
813 970 908 1056 burgi
925 973 965 1038 de
981 969 1139 1038 abirdene
1161 971 1316 1038 fundauit
1339 971 1562 1056 capellaniam
1579 993 1651 1057 per·
1672 943 1798 1075 ᾒῗὲεζξξ
1826 1009 1859 1060 g,

292 1083 430 1159 petuam
460 1073 578 1142 altaris
607 1075 704 1142 beate
734 1072 839 1143 marie
868 1075 1068 1160 magdalene
1103 1075 1189 1142 infra
1213 1075 1392 1144 ecclesiam
1422 1076 1650 1161 parochialem
1673 1027 1843 1127 tusdenbir-

293 1176 443 1248 eiusdem
466 1177 597 1246 fundati
620 1180 662 1244 de
685 1180 816 1246 duabus
838 1177 937 1244 terris
959 1178 1198 1246 collateraliter
1215 1178 1409 1246 lacentibus
1431 1178 1466 1246 in
1489 1179 1563 1246 vico
1585 1179 1651 1248 fur·
1674 1141 1740 1190 ‘¹⁸¹¹‘

293 1301 409 1350 carum
427 1283 473 1350 Et
489 1285 530 1350 de
546 1283 677 1350 duobus
692 1283 807 1352 croltis
819 1305 889 1352 oow
900 1283 985 1352 croft
1001 1294 1034 1352 et
1050 1283 1081 1352 le
1097 1284 1213 1370 calsay
1224 1284 1307 1352 crolt
1319 1285 1449 1352 vocatis
1464 1285 1506 1352 de
1521 1287 1652 1352 duabus

293 1389 418 1458 marcis
446 1393 487 1457 de
516 1389 615 1458 terris
645 1411 710 1476 que
738 1389 874 1458 luerunt
900 1389 981 1457 olim
1010 1389 1173 1458 Iohannis
1199 1389 1339 1458 blinsele
1365 1389 1400 1456 in
1427 1389 1458 1456 le
1483 1412 1586 1476 grene
1612 1411 1653 1458 ex

293 1494 448 1562 orientali
469 1493 535 1562 vici
559 1515 741 1580 perquem
767 1495 841 1562 Itur
863 1495 906 1562 ab
928 1493 1071 1562 ecclesia
1096 1493 1186 1560 beati
1214 1493 1382 1578 Nicholaij
1407 1495 1451 1560 ad
1473 1493 1652 1562 ecclesiam
1750 1579 1755 1592 ·

288 1600 435 1668 iratrum
466 1600 718 1668 carmelitarum
745 1603 786 1668 de
813 1599 960 1685 quinque
987 1621 1004 1666 s
1030 1599 1065 1666 in
1091 1599 1164 1684 luty
1186 1601 1228 1666 de
1253 1609 1342 1668 terra
1368 1621 1457 1668 nunc
1490 1601 1652 1668 Iohannis

292 1707 423 1776 talzour
437 1708 479 1774 de
494 1707 603 1784 decim
619 1729 636 1774 s
651 1709 693 1774 de
709 1709 847 1793 Integra
858 1717 947 1774 terra
963 1706 1116 1774 orientali
1133 1706 1369 1792 propinquiore
1385 1717 1473 1774 terre
1489 1707 1652 1774 Iohannis

295 1811 458 1896 Stephanj
488 1813 534 1878 Et
560 1813 602 1879 de
625 1821 715 1880 terra
745 1813 915 1898 quondam
940 1811 1107 1896 willelmj,
1136 1811 1255 1896 giffard
1281 1811 1316 1878 in
1341 1811 1417 1878 vico
1447 1811 1585 1880 nauium
1610 1814 1652 1880 de

292 1915 396 1984 londo
412 1917 563 1984 eiusdem
579 1913 640 1984 xx¹¹
657 1939 674 1984 s
689 1917 796 1985 Cuius
811 1916 924 1984 anime
939 1915 1144 2003 propicietur
1158 1915 1306 1984 christus
1320 1919 1429 1984 Amen

380 2107 526 2176 Prouida
555 2107 676 2176 mulier
704 2107 886 2176 elizabetht
919 2107 1074 2194 blynseill
1109 2129 1234 2195 sponsa
1263 2111 1433 2194 quondam
1464 2109 1580 2178 thome
1610 2111 1651 2178 de

292 2235 426 2282 camera
449 2212 625 2300 burgensis
644 2214 686 2281 de
701 2213 859 2280 abirdene
874 2215 1013 2282 donauit
1028 2235 1132 2283 vnum
1148 2215 1270 2282 librum
1286 2214 1424 2285 missale
1438 2235 1480 2284 ex
1495 2237 1651 2300 pressura

292 2339 506 2386 communem
534 2319 690 2386 omnibus
710 2317 895 2404 capellanis
918 2318 1120 2386 celibrandis
1142 2319 1176 2384 in
1199 2318 1344 2388 ecclesia
1365 2319 1455 2388 beati
1479 2319 1648 2406 nycholaij

292 2424 451 2510 quamdiu
474 2424 597 2510 poterit
619 2425 739 2490 durare
762 2425 806 2490 ad
828 2425 993 2492 orandum
1015 2445 1075 2508 pro
1099 2443 1223 2510 sponso
1247 2445 1308 2492 suo
1331 2433 1364 2493 et
1387 2445 1509 2512 prosa
1532 2435 1565 2492 et
1588 2446 1648 2510 pro

292 2529 455 2616 magistro
469 2530 588 2598 thoma
603 2549 664 2598 suo
680 2527 750 2596 filio
765 2531 814 2598 &c
830 2529 880 2598 &c

906 2789 1038 2856 CVIII.

291 2931 422 2998 Romala
440 2931 579 2998 obituum
593 2936 622 2998 et
634 2929 937 2998 Amimrsariorum
953 2938 1011 3018 per
1031 2931 1188 3017 quondam
1203 2931 1276 2998 bone
1290 2931 1436 2998 mamone
1449 2931 1565 2998 nobiles
1574 2937 1647 3018 pro·
1671 2930 1714 2982 fot
1730 2929 1779 2984 ⁸⁴¹

419 3037 509 3104 uidcs
517 3035 655 3122 summos
669 3043 699 3102 et
712 3037 854 3103 discretos
870 3037 952 3103 vitos
967 3036 1176 3122 fierdatorum
1190 3043 1219 3102 ct
1232 3037 1462 3124 assignatorum
1485 3037 1603 3104 vicario
1620 3045 1650 3104 et

421 3139 587 3227 capellanis
599 3139 735 3228 Collrgr'j
745 3139 863 3206 mosia
872 3139 1082 3230 parrochiales
1094 3139 1205 3206 Sancti
1218 3139 1254 3206 N
1254 3139 1384 3225 icholaij
1396 3140 1489 3227 burgi
1499 3139 1535 3206 dc
1549 3140 1648 3206 Abir-

421 3245 495 3312 dem
509 3244 668 3332 Scriptum
681 3245 710 3310 A
710 3245 779 3332 pud
793 3244 938 3312 abirem
946 3251 1005 3331 per
1018 3265 1149 3312 manum
1163 3243 1284 3312 donini
1302 3243 1455 3312 Iohannis
1473 3245 1650 3332 Stirueling

419 3351 539 3416 macrii
547 3350 669 3438 publici
683 3350 776 3417 Sexto
790 3349 841 3416 dic
850 3349 963 3418 nuruis
978 3349 1107 3418 octolm'r
1117 3350 1215 3418 Anno
1229 3350 1351 3418 mhi
1364 3351 1537 3418 Millcrimo
1552 3351 1649 3438 quad·

420 3455 640 3542 nogentesimo
652 3455 850 3544 nonogesimo
858 3455 965 3543 primo

379 3593 524 3664 BITUS
547 3594 674 3662 dornini
701 3595 865 3664 Iohannis
892 3595 1054 3682 kingome
1080 3597 1250 3682 quondam
1272 3595 1387 3682 vicarij
1416 3597 1457 3664 de
1479 3595 1646 3664 Abirdene
1671 3609 1765 3662 Obitus
1776 3611 1874 3665 domni

418 3700 481 3768 luit
507 3701 542 3766 in
569 3700 738 3769 dominica
768 3701 877 3788 prima
906 3713 983 3788 post
1009 3701 1134 3770 festum
1162 3702 1279 3770 Sancti
1307 3701 1470 3768 Iohannis
1499 3700 1646 3788 baptiste
1669 3677 1795 3809 &¹¹¹¹ssssss

292 3825 381 3872 anno
397 3806 524 3873 domini
539 3807 720 3874 millesimo
736 3801 1066 3894 quadringentesimo
1088 3808 1259 3876 tricesimo
1281 3819 1404 3875 octauo
1427 3807 1482 3893 quj
1502 3807 1646 3874 celebra-

291 3909 382 3978 bitur
396 3912 573 3980 annuatim
588 3913 623 3978 in
639 3915 757 3980 eadem
769 3913 939 3981 domInica
950 3937 1028 3982 curn
1040 3913 1190 4000 exequiis
1201 3915 1434 3982 defunctorum
1450 3915 1492 3980 de
1507 3913 1647 3999 placebo
1672 3927 1702 4006 ¹¹?
1713 3925 1789 3979 nitio
1800 3925 1871 3994 xxiiij

291 4023 325 4082 et
348 4015 452 4102 dirige
475 4015 509 4082 in
533 4019 651 4086 sabato
674 4017 866 4104 precedenti
892 4021 935 4086 ad
962 4041 1139 4088 numerum
1164 4019 1208 4104 xij
1237 4020 1488 4106 capellanorum
1512 4028 1545 4086 et
1569 4040 1646 4086 curn
1671 3994 1713 4045 ‘¹²⁰

292 4121 397 4190 missa
415 4123 457 4190 de
477 4134 559 4192 nota
582 4135 615 4192 et
638 4125 802 4212 trigintali
823 4137 1020 4212 sequentem
1043 4149 1103 4214 per
1124 4127 1330 4196 ebdomitam
1350 4137 1388 4194 ut
1409 4125 1512 4193 moris
1532 4135 1584 4192 est
1604 4125 1648 4192 ad

291 4228 398 4296 altare
428 4231 546 4298 Sancti
576 4231 734 4318 nicholaij
770 4254 831 4319 pro
860 4233 1063 4319 quoquidem
1100 4234 1331 4302 anniuersario
1368 4233 1448 4318 dictj
1480 4229 1645 4318 capellanj

292 4333 512 4402 Inleodantur
527 4337 568 4402 de
583 4337 693 4403 decim
708 4359 725 4402 s
741 4339 781 4404 de
797 4347 886 4405 terra
906 4338 978 4406 siue
997 4339 1102 4406 crolto
1117 4340 1282 4408 Willelmi
1303 4349 1378 4426 prat
1399 4360 1501 4425 prope
1521 4338 1648 4404 molen·

291 4437 407 4506 dinum
430 4439 609 4526 Iustieiarij
632 4443 673 4508 de
694 4451 838 4527 quatuor
852 4465 870 4508 s
885 4453 918 4510 et
934 4443 980 4529 iiij
1003 4446 1082 4511 dde
1101 4455 1190 4511 terra
1211 4445 1381 4529 quondam
1401 4443 1518 4508 thome
1538 4439 1649 4506 litstar

290 4540 325 4606 in
346 4541 377 4608 le
397 4563 498 4628 grene
519 4553 553 4610 et
573 4545 614 4612 de
634 4554 723 4612 terra
745 4545 859 4613 Iacobi
880 4547 1043 4633 kennerty
1065 4549 1105 4613 In
1126 4569 1227 4634 grene
1248 4549 1288 4614 de
1308 4545 1427 4632 viginti
1448 4543 1594 4614 denariis
1611 4552 1648 4610 vt

290 4649 491 4734 respondere
510 4649 615 4716 velint
