4460 5984
548 683 706 751 Dimisrio
727 689 805 750 terre
825 705 846 750 a
868 689 976 750 crudo
997 691 1026 748 et
1046 683 1214 772 milonis
1235 683 1323 752 ebori
1547 705 1609 752 211

247 854 282 922 in
305 856 409 923 libero
432 855 594 943 burgagio
616 855 865 943 imperpetuum
888 877 966 924 cum
989 857 1082 924 omni
1107 859 1185 925 Iure
1207 867 1241 926 et
1266 857 1486 926 Iurisclameo
1507 857 1608 926 titulo

246 961 452 1046 proprietate
476 971 509 1034 et
536 961 749 1047 possessione
774 983 853 1028 cum
880 961 1002 1029 debitis
1028 961 1238 1046 longitudine
1263 972 1297 1028 et
1324 961 1503 1030 latitudine
1528 983 1606 1030 cum

245 1065 387 1133 edificiis
413 1067 556 1152 desuper
582 1065 786 1134 constructis
810 1087 869 1134 seu
894 1065 1128 1134 construendis
1153 1087 1229 1134 cum
1257 1064 1425 1152 lapidibus
1449 1067 1550 1153 lignis
1574 1077 1607 1136 et

246 1171 340 1236 calce
360 1171 409 1236 Ac
430 1191 507 1237 cum
531 1170 688 1238 omnibus
709 1169 785 1236 aliis
804 1181 837 1236 et
857 1169 999 1255 singulis
1022 1169 1234 1238 libertatibus
1256 1169 1555 1240 commoditatibus
1574 1179 1607 1240 et

246 1273 444 1342 asiamentis
465 1297 504 1342 ac
529 1275 634 1342 Iustis
654 1273 725 1342 suis
747 1273 963 1360 pertinenciis
983 1275 1238 1360 quibuscunque
1260 1285 1332 1342 tam
1354 1275 1608 1345 nonnominatis

246 1399 348 1462 quam
371 1378 555 1446 nominatis
578 1389 651 1446 tam
675 1381 738 1446 sub
760 1389 850 1446 terra
872 1401 974 1463 quam
997 1401 1098 1464 supra
1119 1389 1246 1448 terram
1268 1389 1339 1448 tam
1363 1379 1479 1466 procul
1504 1401 1605 1466 quarn

245 1505 348 1568 prope
379 1485 422 1550 ad
448 1483 633 1568 predictam
663 1493 789 1550 terram
816 1503 894 1550 cum
925 1483 1137 1568 pertinentiis
1163 1483 1394 1570 spectantibus
1421 1506 1480 1552 seu
1512 1485 1606 1553 Iuste

244 1597 397 1672 spectare
412 1587 604 1654 valentibus
619 1587 868 1672 quomodolibet
887 1587 921 1654 in
940 1587 1090 1655 futurum
1109 1589 1193 1656 adeo
1211 1587 1314 1658 libere
1329 1587 1441 1675 quiete
1456 1589 1605 1675 plenarie

244 1691 374 1776 integre
404 1692 588 1759 honorifice
618 1694 702 1759 bene
731 1702 764 1759 et
795 1691 830 1758 in
860 1713 943 1778 pace
969 1692 1004 1760 in
1034 1693 1191 1762 omnibus
1221 1703 1254 1760 et
1284 1715 1344 1780 per
1373 1693 1487 1762 omnia
1516 1693 1604 1762 sicut

244 1795 359 1880 aliqua
373 1805 465 1864 terra
479 1796 565 1866 infra
580 1797 708 1864 dictum
725 1799 867 1882 burgum
883 1797 1040 1866 venditur
1054 1800 1155 1866 datur
1174 1798 1343 1866 alienatur
1358 1819 1399 1866 ac
1414 1796 1605 1884 possidetur

244 1899 316 1966 nine
330 1899 547 1968 reuocatione
566 1901 806 1968 reclamatione
821 1911 881 1970 aut
903 1901 1169 1972 contradictione
1190 1901 1330 1988 aliquali
1349 1901 1457 1970 nostri
1471 1921 1603 1970 succes·

243 2025 356 2070 sorum
381 2015 572 2072 nostrorum
597 2015 656 2072 aut
683 2005 825 2074 aliorum
848 1987 1125 2092 quorumcunque
1147 2005 1301 2077 faciendo
1323 2005 1401 2074 inde
1424 2004 1602 2074 annuatim

242 2107 323 2176 dicti
349 2111 493 2176 andreas
522 2120 556 2176 et
586 2109 780 2178 elizabeitht
806 2121 840 2177 et
866 2131 982 2180 eorum
1013 2111 1099 2178 alter
1124 2111 1251 2178 diutius
1276 2109 1395 2178 vinens
1419 2129 1602 2197 conumque

242 2212 383 2281 heredes
408 2213 569 2282 antedicti
599 2237 757 2300 supremo
786 2215 923 2284 domino
953 2225 1069 2282 nostro
1098 2215 1168 2300 regi
1193 2225 1227 2284 et
1253 2214 1325 2284 suis
1351 2214 1602 2284 successoribus

242 2317 376 2401 regibus
394 2319 500 2386 scotie
518 2319 693 2386 seruitium
712 2319 912 2404 burgagium
935 2318 1012 2386 inde
1030 2319 1181 2386 debitum
1197 2329 1230 2388 et
1246 2328 1446 2387 consuetum
1469 2337 1601 2389 necnon

241 2421 411 2488 reddendo
435 2423 534 2490 nobis
563 2433 597 2490 et
623 2423 874 2492 successoribus
903 2423 1028 2490 nostris
1058 2424 1224 2508 prelatum
1255 2443 1406 2490 annuum
1432 2422 1600 2492 redditum

240 2524 367 2610 vigenti
397 2526 580 2594 solidorum
611 2537 746 2594 monete
772 2527 921 2612 predicte
947 2525 1124 2596 annuatim
1150 2529 1194 2594 ad
1219 2525 1383 2597 terminos
1412 2526 1602 2598 antedictos

241 2649 301 2714 per
327 2631 464 2714 equales
488 2631 658 2717 portiones
683 2641 818 2698 tantum
845 2631 937 2698 omni
961 2631 1028 2698 alio
1052 2630 1190 2697 seruitio
1213 2630 1356 2698 seculari
1383 2631 1517 2698 actione
1540 2651 1601 2700 seu

241 2734 410 2800 demanda
440 2755 504 2819 que
540 2737 582 2802 de
619 2735 769 2820 predicta
802 2745 891 2802 terra
929 2757 1006 2802 curn
1037 2733 1249 2830 pertinentiis
1268 2734 1477 2820 aliqualiter
1513 2733 1599 2820 exigi

241 2837 364 2922 poterit
387 2848 446 2904 aut
469 2837 591 2922 requiri
615 2859 692 2906 cum
715 2839 821 2906 libera
844 2838 948 2906 etiam
970 2839 1134 2906 facultate
1156 2847 1190 2906 et
1213 2845 1381 2924 potestate
1405 2838 1503 2907 nobis
1525 2861 1599 2906 suc·

241 2941 429 3008 cessoribus
455 2943 580 3008 nostris
609 2963 748 3010 namare
778 2953 811 3010 et
842 2943 1040 3029 distringere
1070 2945 1213 3012 eandem
1243 2949 1369 3010 teriam
1396 2941 1598 3010 anteriorem

241 3065 318 3112 cum
342 3045 553 3131 pertinentiis
576 3069 635 3132 pro
651 3047 844 3115 huiusmodi
860 3069 973 3116 annuo
995 3049 1127 3116 redditu
1148 3050 1191 3116 ad
1215 3069 1336 3115 manus
1358 3046 1511 3134 proprias
1526 3046 1599 3116 sine

241 3149 361 3233 quouis
386 3150 473 3216 Iuris
499 3151 653 3218 ministro
679 3152 785 3218 tocies
811 3152 947 3237 quocies
972 3175 1058 3239 opus
1083 3153 1183 3220 fuerit
1211 3153 1355 3240 Insuper
1380 3151 1537 3220 volumus
1563 3162 1597 3220 et

240 3253 436 3320 ordinamus
452 3275 529 3322 cum
545 3277 712 3324 consensu
728 3267 761 3324 et
777 3279 919 3324 assensu
930 3257 1097 3324 dictorum
1114 3259 1237 3324 andree
1252 3265 1286 3324 et
1298 3255 1492 3324 elizabeitht
1508 3258 1597 3342 quod

239 3357 267 3424 si
280 3358 454 3443 contingat
469 3359 596 3426 dictam
611 3369 735 3428 terram
746 3361 816 3428 lore
828 3361 941 3428 minus
952 3362 1216 3448 distringebilem
1228 3361 1278 3452 sic
1291 3361 1380 3445 quod
1395 3361 1597 3428 solutionem

239 3462 432 3530 huiusmodi
455 3461 559 3530 annui
582 3465 732 3532 redditus
752 3466 878 3551 vigenti
899 3467 1083 3534 solidorum
1107 3465 1246 3534 minime
1268 3467 1392 3534 habere
1412 3465 1598 3554 poterimus

238 3587 298 3652 per
322 3576 392 3633 tres
416 3567 579 3634 terminos
609 3568 786 3654 contiguos
812 3581 845 3638 et
871 3571 1050 3639 continuos
1079 3581 1161 3638 tunc
1191 3571 1320 3638 licitum
1352 3569 1415 3636 erit
1441 3569 1538 3638 nobis
1564 3579 1610 3638 et·

237 3671 488 3740 successoribus
517 3673 642 3740 nostris
671 3674 909 3759 proprietatem
939 3685 973 3742 et
1003 3676 1250 3761 possessionem
1285 3673 1479 3742 huiusmodi
1509 3685 1598 3742 terre

237 3797 446 3844 reassumere
461 3786 496 3842 et
515 3777 643 3844 Iterato
663 3779 824 3846 reintrare
842 3779 917 3846 sine
933 3799 1133 3865 quocunque
1153 3781 1242 3848 Iuris
1257 3801 1417 3866 processu
1432 3789 1466 3848 et
1481 3780 1596 3848 ordine

236 3901 305 3948 non
320 3880 534 3948 obstantibus
549 3881 804 3968 quibuscunque
820 3883 941 3950 litteris
952 3895 986 3952 et
998 3885 1177 3955 euidentiis
1189 3907 1248 3971 per
1262 3906 1326 3951 nos
1340 3885 1484 3970 desuper
1497 3883 1597 3952 iactis

237 3995 297 4053 aut
329 3984 417 4052 Iuris
446 3986 746 4054 consuetudinibus
769 3987 1023 4074 quibuscunque
1052 3990 1087 4061 in
1114 3989 1321 4056 contrarium
1345 3987 1535 4057 fulminatis
1561 3999 1595 4058 et

235 4087 456 4156 fulminandis
476 4099 510 4156 et
531 4111 594 4156 nos
618 4113 697 4158 vero
719 4091 800 4158 dicti
824 4103 962 4160 curatus
985 4105 1018 4160 et
1043 4094 1209 4180 capellanj
1233 4103 1342 4161 totam
1363 4102 1397 4160 et
1421 4095 1594 4178 Integram

236 4194 363 4262 dictam
381 4204 506 4260 terram
526 4215 603 4262 cum
623 4196 835 4280 pertinentiis
853 4219 914 4282 pro
932 4199 1029 4268 nobis
1047 4209 1080 4264 et
1100 4198 1350 4266 successoribus
1368 4197 1494 4264 nostris
1514 4195 1595 4264 dicti

236 4301 360 4376 andree
371 4299 565 4366 elirabeitht
577 4309 611 4365 et
623 4321 740 4367 eorum
752 4301 849 4370 alteri
864 4301 991 4370 diutius
1002 4303 1130 4370 uiuenti
1142 4302 1387 4386 heredibusque
1399 4301 1487 4368 inter
1500 4303 1595 4368 Inter

236 4401 307 4486 [sic]
323 4401 416 4488 ipsos
438 4402 588 4488 legitime
608 4405 792 4490 procreatis
812 4425 872 4474 seu
893 4409 1109 4492 procreandis
1124 4407 1246 4494 quibus
1260 4407 1345 4474 forte
1363 4405 1596 4474 deficientibus

236 4507 415 4576 heredibus
432 4507 514 4575 dicti
532 4511 656 4578 andree
671 4520 705 4579 et
720 4510 792 4578 suis
809 4511 992 4598 assignatis
1007 4512 1263 4598 quibuscunque
1278 4532 1338 4598 per
1355 4532 1473 4578 omnes
1488 4520 1596 4578 terras

236 4620 269 4678 et
285 4611 515 4697 possessiones
529 4624 663 4682 nostras
678 4625 797 4684 contra
811 4637 930 4686 omnes
945 4617 1106 4696 mortales
1120 4615 1407 4684 varantizabimus
1425 4614 1594 4702 acquieta-
