4490 5990
611 701 672 770 142
1011 679 1114 750 cam
1134 677 1596 768 mesocampum

607 864 727 926 contra
753 873 873 924 omnes
901 853 1062 922 mortales
1086 849 1374 922 varautiaabimus
1399 849 1669 938 acquietabimus
1693 859 1728 920 et
1754 851 1973 922 defendemus

610 983 670 1048 per
684 979 803 1030 omnes
820 969 929 1028 terras
944 967 978 1027 et
994 957 1225 1046 possessiones
1242 967 1376 1026 nostras
1392 960 1439 1026 Et
1454 979 1517 1026 nos
1530 980 1610 1028 vero
1626 957 1792 1045 capellani
1808 959 1972 1028 antedicti

609 1067 800 1155 obligamus
816 1087 879 1134 nos
894 1075 928 1134 et
946 1087 1159 1134 successores
1176 1073 1310 1134 nostros
1333 1063 1368 1132 in
1390 1064 1540 1134 uberiore
1557 1064 1666 1133 forma
1688 1066 1732 1133 ad
1747 1065 1972 1134 sustentanda

608 1182 642 1242 et
669 1171 900 1260 perimplendis
925 1170 1040 1240 omnia
1067 1169 1183 1240 diuina
1211 1169 1370 1256 suffragia
1396 1169 1569 1240 antedicta
1595 1171 1637 1238 In
1663 1167 1760 1238 cuius
1792 1169 1841 1238 rei
1877 1167 1972 1240 testi·

611 1276 762 1346 monium
786 1276 875 1344 hauc
900 1297 1012 1344 meam
1036 1277 1176 1346 Certum
1199 1297 1276 1344 mea
1298 1274 1432 1362 propria
1455 1297 1558 1344 manu
1581 1273 1766 1362 subscripsi
1790 1275 1863 1344 Nos
1891 1297 1972 1344 vero

610 1381 777 1471 capellani
792 1381 1022 1468 capitulariter
1041 1383 1084 1450 ad
1102 1380 1167 1450 hoc
1182 1379 1377 1468 congregati
1399 1401 1522 1467 corpus
1544 1379 1684 1469 capituli
1699 1390 1972 1468 representantes

609 1511 755 1560 unacum
774 1508 941 1557 consensu
957 1497 990 1556 et
1006 1509 1147 1556 assensu
1171 1487 1235 1556 hoc
1259 1507 1397 1574 presens
1419 1487 1583 1574 scripturn
1603 1487 1728 1556 nostris
1743 1487 1972 1575 Cymgraphis

610 1593 845 1666 roborauimus
862 1603 896 1661 et
919 1593 1181 1680 approbabimus
1203 1595 1294 1679 apud
1316 1593 1475 1662 abirdenc
1498 1593 1616 1680 quinto
1634 1593 1688 1663 die
1706 1593 1834 1662 mensis
1852 1593 1969 1680 marcii

609 1722 700 1771 anno
722 1697 850 1769 domini
876 1698 1057 1766 millesimo
1082 1698 1353 1784 quingentesimo
1367 1699 1532 1786 vigesimo
1553 1699 1659 1768 tercio
1682 1701 1806 1770 Coram
1825 1699 1972 1770 testibus

609 1803 782 1893 magistris
806 1803 959 1872 Iohanne
987 1803 1167 1872 merschell
1187 1805 1313 1872 andrea
1335 1805 1448 1872 cullan
1463 1803 1603 1875 adriano
1626 1804 1808 1876 marschell
1823 1803 1973 1874 dominis

609 1913 728 1982 thoma
753 1910 952 1996 lamyntoun
975 1907 1103 1976 valtero
1126 1909 1212 1978 blair
1236 1907 1379 1997 patricio
1405 1909 1599 1979 stevinsone
1628 1919 1662 1978 et
1693 1910 1828 1998 hugone
1857 1909 1972 1978 valcat

610 2037 689 2088 cum
703 2015 849 2086 diuersis
862 2013 939 2082 aliis

743 2227 798 2294 lta
812 2232 864 2292 est
879 2223 1016 2292 thomas
1031 2221 1201 2290 chawmsr
1215 2231 1353 2290 curatus
1368 2223 1410 2291 de
1425 2221 1583 2292 abirdenc
1598 2243 1702 2292 manu
1717 2222 1852 2311 propria

740 2327 899 2408 dominus
913 2329 1058 2396 andreas
1072 2328 1151 2414 culp
1166 2347 1269 2396 manu
1285 2327 1419 2413 propria

740 2433 937 2506 Willelmus
952 2431 1146 2520 philipsoun
1161 2433 1335 2520 presbyter
1349 2433 1392 2502 ad
1408 2432 1470 2502 hec
1486 2451 1589 2502 manu
1605 2431 1739 2521 propria
1754 2431 1907 2502 notarius

871 2537 1027 2625 publicus
1042 2537 1092 2605 ita
1105 2547 1158 2606 est

741 2641 900 2712 dominus
914 2642 1112 2712 Willelmus
1127 2663 1252 2728 couper
1266 2641 1309 2710 ad
1325 2641 1388 2710 hec
1405 2663 1508 2712 manu
1524 2641 1658 2730 propria

740 2747 898 2817 dominus
913 2747 1015 2816 dauid
1030 2749 1159 2817 Wauss
1174 2769 1278 2817 manu
1293 2748 1427 2835 propria

741 2855 904 2942 magister
918 2854 1033 2924 Dauid
1049 2853 1198 2922 menzeis
1213 2875 1317 2924 manu
1332 2854 1466 2944 propria

741 2960 899 3029 dominus
916 2961 1088 3028 lohannes
1103 2962 1214 3031 Waus
1229 2981 1332 3030 manu
1348 2961 1482 3048 propria

742 3069 797 3134 lta
811 3076 864 3134 est
879 3064 981 3134 dauid
996 3065 1194 3134 nicholsone
1209 3087 1312 3136 manu
1328 3065 1463 3153 propria

740 3171 899 3242 dominus
915 3173 1087 3242 lohannes
1099 3175 1260 3260 Cumyng
1274 3193 1378 3242 manu
1393 3172 1527 3261 propria

742 3279 901 3350 dominus
915 3279 1054 3348 mornas
1070 3277 1170 3366 bynie
1185 3299 1289 3348 manu
1304 3278 1439 3366 propria

740 3383 899 3454 dominus
912 3384 1015 3454 dauid
1030 3383 1092 3453 leis
1108 3405 1212 3454 manu
1226 3384 1360 3472 propria

740 3488 898 3558 dominus
912 3488 1014 3558 dauid
1030 3489 1186 3558 Lorimar
1200 3511 1304 3560 manu
1318 3487 1453 3577 propria

740 3593 899 3662 dominus
913 3595 1095 3663 alexander
1109 3597 1308 3664 robertsoun
1324 3617 1428 3662 manu
1444 3593 1579 3680 propria

741 3701 899 3769 dominus
914 3701 1079 3787 gilbertus
1093 3701 1291 3770 nicholsone
1307 3723 1410 3770 manu
1426 3698 1560 3788 propria

742 3805 901 3876 dominus
918 3807 1091 3876 Iohannes
1106 3807 1317 3896 goldsmytht
1333 3827 1437 3876 manu
1452 3805 1587 3894 propria

612 4019 688 4103 Ego
710 4015 869 4086 dominus
888 4015 1084 4086 Willelmus
1110 4017 1252 4105 philippi
1279 4017 1476 4106 capellanus
1498 4017 1659 4086 fundator
1681 4011 1874 4097 huiusmodi¹
1896 4013 1970 4082 fun·

611 4121 758 4192 dationis
767 4121 898 4191 ratifico
911 4127 1059 4212 approbo
1071 4134 1105 4193 et
1117 4125 1280 4192 confirmo
1292 4135 1326 4192 et
1335 4123 1497 4193 renuncio
1506 4123 1649 4192 liberum
1659 4129 1894 4190 tenementum
1903 4141 1970 4188 ser·

611 4225 696 4296 uitio
717 4227 808 4296 facto
823 4227 981 4296 omnibus
996 4229 1114 4298 diebus
1128 4229 1198 4297 vite
1213 4251 1288 4298 mee
1304 4231 1351 4297 Et
1367 4229 1589 4316 infringentes
1611 4249 1723 4296 meam
1737 4225 1970 4296 fundationem

611 4332 858 4400 maledicantur
872 4333 1110 4402 maledictione
1125 4335 1179 4402 dei
1195 4333 1438 4422 omnipotentis
1455 4333 1694 4421 Apostolorum
1710 4341 1805 4419 petro
1820 4339 1854 4398 et
1870 4329 1971 4418 paule

610 4446 644 4506 et
661 4437 912 4506 confundantur
925 4439 960 4505 in
976 4449 1127 4508 eternam

1237 4543 1407 4612 villelmus
1421 4543 1562 4630 philippj
1580 4544 1624 4612 ad
1639 4543 1701 4610 bec
1717 4561 1821 4610 manu
1837 4538 1971 4626 propria
