4460 5984
551 634 651 702 cana
666 633 869 720 smmis
891 634 1010 722 mnes
1031 635 1132 722 reyes
1153 636 1190 702 a
1213 635 1319 704 sams
1552 635 1613 720 183

253 803 393 892 virginis
415 805 521 874 marie
545 805 674 876 Ibidem
698 807 826 876 situata
848 827 908 894 pro
931 810 1041 878 salute
1064 809 1176 876 anime
1197 830 1271 876 mee
1285 805 1326 878 'et
1347 808 1459 876 anime
1472 807 1612 894 villelmi

254 911 296 978 de
316 909 436 980 cadiou
456 913 626 994 quondam
649 911 826 996 burgensis
847 913 889 980 de
912 911 1070 980 abirdene
1087 911 1268 980 Tenendas
1283 920 1317 980 et
1332 911 1507 978 habendas
1524 919 1615 978 totas

254 1011 404 1098 integras
429 1013 606 1080 duodecim
634 1033 767 1082 marcas
792 1035 982 1082 annuorum
1013 1014 1205 1082 reddituum
1232 1035 1310 1082 cum
1336 1013 1554 1098 pertinenciis
1579 1022 1613 1080 et

254 1136 332 1182 cum
355 1115 513 1182 omnibus
535 1124 569 1182 et
592 1115 734 1200 singulis
757 1115 969 1184 libertatibus
992 1115 1290 1184 commoditatibus
1307 1125 1340 1182 et
1356 1115 1555 1182 asismentis
1573 1136 1613 1182 ac

256 1216 362 1282 Iustis
382 1217 453 1284 suis
471 1216 687 1302 pertinenciis
710 1217 965 1302 quibuscunque
987 1218 1117 1302 prefato
1140 1217 1277 1286 domino
1291 1217 1441 1284 villelmo
1458 1239 1518 1302 pro
1540 1227 1614 1284 toto

254 1327 407 1404 tempore
433 1319 501 1386 vite
527 1340 588 1386 sue
614 1319 716 1388 libere
739 1320 851 1404 quiete
877 1320 1025 1405 plenarie
1052 1319 1182 1406 integre
1206 1320 1390 1388 honorilice
1415 1321 1499 1387 bene
1521 1329 1555 1386 et
1578 1320 1613 1386 in

254 1443 338 1507 pecc
358 1443 436 1490 cunr
457 1421 557 1506 plena
577 1431 610 1488 et
632 1421 737 1488 libera
756 1431 925 1506 potestate
943 1421 1124 1507 recipiendi
1147 1444 1207 1507 per
1228 1443 1264 1488 se
1287 1422 1339 1488 vel
1362 1429 1613 1507 procuratorem

255 1543 354 1590 suum
377 1523 554 1590 duodecim
578 1543 711 1590 marcas
734 1522 947 1609 supradictas
969 1545 1159 1591 annuorum
1178 1523 1370 1592 reddituum
1386 1524 1613 1610 predictorum

254 1645 315 1710 pro
329 1623 457 1692 eisdem
479 1624 507 1690 si
529 1633 564 1690 et
586 1625 720 1708 quoties
740 1646 826 1710 opus
847 1625 946 1692 luerit
968 1625 1189 1710 distringendi
1205 1637 1238 1694 et
1255 1627 1415 1712 namandj
1433 1647 1564 1694 necnon
1579 1636 1614 1694 et

254 1747 375 1794 namos
390 1726 425 1792 in
440 1726 573 1794 delectu
589 1726 773 1794 solucionis
795 1727 962 1794 dictorum
981 1749 1170 1796 anuuomm
1191 1728 1382 1796 reddituum
1398 1728 1564 1812 vendendi
1580 1739 1614 1796 et

255 1827 423 1896 alienandi
446 1850 486 1896 ac
509 1827 625 1895 omnia
647 1827 714 1895 alia
729 1838 763 1896 et
778 1828 913 1914 singula
934 1829 1079 1898 faciendi
1102 1839 1136 1897 ct
1158 1829 1333 1897 exercendi
1349 1851 1414 1913 que
1429 1829 1519 1896 circa
1541 1851 1614 1914 pre·

254 1931 359 1998 missa
381 1930 572 1998 necessaria
593 1931 717 1998 fuerint
739 1941 799 1998 aut
819 1931 1070 2016 quomodolibet
1090 1943 1280 2018 opportuna
1302 1933 1446 2018 Insuper
1465 1919 1614 2000 concedo

253 2055 314 2120 pro
337 2055 392 2100 me
412 2042 447 2100 et
470 2033 650 2100 heredibus
672 2031 781 2100 eidem
804 2033 941 2100 domino
965 2033 1114 2102 villelmo
1140 2034 1280 2102 liberam
1306 2043 1511 2119 potestatem
1537 2036 1614 2102 sub·

254 2136 415 2206 stituendi
437 2137 606 2222 ydoneum
629 2136 843 2220 capellanum
867 2136 910 2204 ad
933 2137 1156 2204 exercendum
1180 2136 1327 2204 officium
1351 2158 1451 2204 suum
1471 2137 1506 2202 in
1522 2137 1614 2206 dicta

254 2239 442 2328 capellania
468 2239 600 2324 quoties
626 2238 690 2306 sibi
716 2259 802 2324 opus
827 2239 928 2306 luerit
955 2239 1008 2306 vel
1034 2239 1216 2324 expediens
1246 2241 1287 2306 In
1318 2239 1415 2306 cuius
1444 2238 1492 2306 rei
1518 2240 1613 2308 testi-

253 2344 405 2412 monium
438 2341 588 2427 sigillum
622 2361 736 2408 meum
769 2340 982 2426 presentibus
1016 2350 1068 2407 est
1101 2361 1290 2426 appensum
1327 2342 1417 2428 apud
1453 2340 1613 2408 abirdene

253 2443 506 2533 quartodecimo
535 2445 589 2512 die
618 2443 746 2510 mensis
778 2442 858 2528 maij
891 2463 981 2510 anno
1015 2443 1141 2530 dominj
1175 2443 1356 2512 millesimo
1389 2443 1612 2530 quadringen-

252 2551 375 2620 tesimo
399 2547 660 2636 quadragesimo
682 2547 790 2634 primo

858 2721 1005 2790 XCVII.

339 2897 527 2965 MNIBUS
549 2895 638 2964 hanc
665 2897 804 2964 Cartam
829 2895 952 2963 visuris
977 2895 1030 2962 vel
1055 2893 1229 2963 Audituris
1251 2893 1409 2962 henricus
1436 2897 1476 2963 de
1502 2895 1617 2982 leytht·
1633 2916 1740 2974 rol.ts¹

369 3003 421 3070 de
443 3001 557 3070 bamis
581 3003 726 3068 salutem
749 3001 784 3067 in
811 3001 948 3068 domino
971 3001 1088 3068 sciatis
1110 3023 1165 3067 me
1188 2999 1320 3068 dedisse
1344 3001 1552 3069 concessisse
1578 3013 1612 3070 et
1634 3049 1714 3100 cm,

254 3105 319 3174 hac
342 3116 496 3193 presente
520 3115 615 3174 carta
637 3127 713 3173 mea
737 3105 955 3172 confirmasse
977 3127 1081 3172 vnum
1105 3127 1255 3173 annuum
1278 3105 1446 3172 redditum
1469 3107 1610 3174 duarum
1633 3113 1795 3194 fundsdonir

254 3233 444 3283 marcarum
475 3222 653 3280 exeuntem
680 3213 720 3278 de
747 3213 781 3299 ly
806 3213 948 3298 galcrolt
979 3213 1118 3279 iacente
1145 3219 1307 3296 exparte
1334 3209 1458 3277 boreali
1485 3209 1612 3278 montis
1633 3179 1730 3310 iffi

253 3313 356 3384 castri
378 3315 476 3402 burgi
498 3317 539 3384 de
562 3315 719 3384 abirdene
742 3316 831 3383 inter
853 3316 996 3384 croltum
1020 3317 1136 3382 thome
1160 3315 1294 3402 Kynidy
1316 3315 1444 3381 dictum
1467 3315 1547 3401 pbyl
1569 3337 1611 3402 ye
1633 3309 1763 3362 d⁸b²¹¹¹¹¹

254 3443 317 3507 cop
333 3423 483 3508 exparte
502 3421 643 3488 australi
659 3443 699 3488 ex
714 3431 810 3508 parte
825 3443 892 3489 vna
907 3431 940 3488 et
957 3423 1125 3508 quoddam
1145 3421 1287 3488 croitum
1306 3419 1446 3487 fratrum
1463 3419 1611 3506 predica·

251 3533 365 3592 torum
392 3547 433 3592 ex
459 3536 554 3612 parte
580 3525 705 3594 boreali
731 3537 893 3613 exparte
920 3527 1027 3594 altera
1052 3528 1102 3593 Ac
1127 3547 1230 3592 vnum
1262 3547 1411 3593 annuum
1442 3525 1611 3593 redditum

251 3631 368 3698 decem
387 3651 577 3698 marcarum
601 3653 790 3699 annuorum
814 3631 1006 3699 reddituum
1025 3641 1203 3699 exeuntem
1222 3631 1397 3697 annuatim
1417 3631 1459 3696 de
1477 3629 1611 3714 quibus·

251 3736 330 3802 dam
345 3735 443 3802 terris
458 3735 628 3822 burgagiis
645 3737 839 3805 lacentibus
854 3737 940 3804 infra
956 3736 1084 3805 dictum
1101 3738 1244 3822 burgum
1260 3737 1301 3802 de
1317 3735 1454 3802 abirden
1465 3743 1501 3800 vt
1517 3743 1611 3802 carta

251 3844 330 3912 inde
344 3845 499 3914 conlecta
513 3847 646 3933 plenius
663 3857 847 3915 attestatur
861 3847 896 3914 in
912 3869 1032 3933 puram
1048 3857 1082 3914 et
1098 3855 1298 3932 perpetuam
1318 3843 1610 3915 elimosinamdeo

251 3955 285 4013 et
301 3947 398 4015 beate
414 3948 519 4016 marie
533 3959 568 4015 et
583 3949 740 4018 omnibus
756 3949 884 4016 sanctis
895 3971 935 4017 ac
950 3949 1007 4035 vnj
1021 3950 1197 4035 capellano
1209 3969 1323 4016 coram
1341 3947 1495 4033 imagine
1512 3949 1609 4014 beate

251 4049 402 4137 Virginis
426 4051 531 4118 marie
555 4054 598 4120 ad
623 4053 731 4120 altare
757 4061 953 4120 sanctorum
982 4052 1157 4138 Laurentii
1186 4061 1220 4118 et
1246 4051 1375 4136 ninianj
1403 4051 1439 4116 in
1465 4049 1610 4118 ecclesia

251 4155 340 4240 beatj
369 4155 491 4240 nicolai
519 4157 561 4224 de
583 4155 740 4224 abirdene
767 4155 1015 4241 imperpetuum
1043 4154 1159 4222 diuina
1184 4153 1386 4220 celibraturo
1412 4173 1473 4238 pro
1499 4151 1610 4220 salute

212 4344 216 4352 Ι
252 4255 365 4324 anime
380 4277 455 4326 mee
470 4267 504 4324 et
520 4256 633 4324 anime
647 4257 797 4342 vilhelmj
819 4259 861 4324 de
882 4257 1002 4325 cadiou
1021 4258 1191 4342 quondam
1213 4255 1390 4341 burgensis
1410 4255 1490 4340 dictj
1513 4254 1611 4340 burgi

252 4359 518 4428 TENENDOS
538 4370 571 4428 et
592 4361 766 4428 habendos
780 4369 872 4426 totos
887 4369 920 4428 ct
941 4360 1090 4446 integros
1112 4381 1244 4427 annuos
1262 4359 1414 4427 redditus
1433 4357 1610 4426 duodecim

255 4481 445 4530 marcarum
461 4483 539 4530 cum
555 4461 772 4548 pertinenciis
787 4463 879 4530 dicto
894 4463 1070 4548 capellano
1086 4473 1119 4530 et
1136 4462 1207 4530 suis
1225 4461 1475 4530 successoribus
1490 4461 1612 4546 imper·

255 4573 396 4652 petuum
415 4567 457 4634 ad
478 4567 564 4634 duos
583 4565 663 4652 annj
684 4565 849 4634 terminos
868 4565 955 4634 inira
974 4565 1117 4652 burgum
1132 4566 1268 4633 vsuales
1288 4573 1502 4652 pentecostes
1521 4563 1610 4632 vide·
