4472 5992
597 683 638 753 24
1180 665 1373 750 Fragmmta

598 841 764 911 carissimi
780 851 813 910 et
830 840 1008 910 Elisabeth
1024 842 1066 908 de
1083 839 1237 925 Douglas
1251 837 1365 906 uxoris
1379 857 1442 906 sue
1455 837 1591 924 nepotis
1604 856 1764 924 germane
1777 839 1954 908 canadam

600 947 714 1016 Iacobi
737 958 907 1016 scotorum
932 945 1036 1032 Regis
1059 945 1156 1032 primi
1182 944 1362 1030 Iacobique
1384 947 1554 1030 quondam
1577 945 1705 1012 domini
1726 947 1770 1014 de
1786 946 1898 1014 sorbes
1920 957 1954 1015 et

599 1055 711 1123 anime
727 1075 801 1121 mee
816 1063 850 1122 et
866 1051 986 1120 matris
1001 1073 1076 1119 mee
1091 1051 1266 1118 carissime
1289 1051 1507 1136 omniumque
1525 1049 1738 1118 dominorum
1754 1051 1895 1119 dominii
1912 1053 1954 1120 da

597 1159 708 1226 sorbes
723 1169 757 1226 et
772 1179 1005 1228 successorum
1018 1159 1199 1225 eorundem
1213 1156 1414 1243 cognomina
1427 1155 1625 1242 sanguinem
1638 1165 1672 1224 et
1683 1165 1896 1242 parentetam
1913 1160 1954 1226 de

598 1265 709 1332 sorbes
724 1264 926 1334 habentium
940 1273 976 1332 et
991 1263 1142 1330 omnium
1161 1263 1311 1330 fidelium
1327 1263 1562 1331 defunctorum
1581 1263 1712 1331 dedisse
1734 1263 1955 1334 confirmasse

599 1383 632 1439 et
656 1372 720 1440 hac
745 1370 892 1458 presenti
917 1380 1011 1438 carta
1037 1391 1113 1437 mea
1137 1369 1384 1456 imperpetuum
1410 1368 1604 1455 assignasse
1629 1371 1704 1437 Deo
1727 1371 1825 1438 beate
1849 1371 1955 1438 nuris

599 1476 792 1560 Sanctoque
814 1473 957 1542 Iohanni
979 1473 1125 1560 baptiste
1149 1483 1182 1541 et
1206 1473 1364 1542 omnibus
1388 1475 1550 1560 superiori
1566 1485 1600 1542 et
1615 1476 1796 1542 couventui
1811 1475 1954 1544 fratrum

598 1579 724 1648 ordinis
740 1579 985 1665 predicatorum
1002 1579 1097 1665 burgi
1114 1581 1155 1647 de
1171 1581 1336 1648 aberdene
1357 1589 1391 1648 et
1413 1580 1483 1648 suis
1504 1581 1755 1650 successoribus
1772 1581 1955 1667 assignatis

598 1685 683 1754 meis
712 1685 750 1751 in
778 1707 895 1770 puram
923 1695 957 1752 et
987 1696 1184 1772 perpetuam
1211 1685 1423 1754 elimosinam
1451 1688 1566 1754 Vnum
1592 1705 1744 1756 annuum
1771 1687 1954 1756 Redditum

598 1794 716 1860 docem
739 1791 900 1858 librarum
924 1791 1210 1870 vspstismo'nete
1236 1792 1345 1878 Regni
1371 1803 1443 1860 scot
1495 1843 1503 1859 .
1551 1841 1559 1858 .
1606 1841 1613 1858 .
1661 1841 1670 1858 .
1716 1793 1898 1861 leuandum
1922 1802 1955 1860 at

598 1895 849 1983 percipiendum
866 1897 907 1964 de
922 1895 1022 1964 ternis
1032 1895 1070 1964 'et
1086 1895 1198 1984 fynms
1213 1899 1255 1968 de
1269 1898 1344 1966 futh
1392 1945 1955 1966 ...........

955 2337 1037 2444 Duo
1051 2336 1235 2404 intermedia
1248 2338 1332 2425 solia
1351 2339 1477 2406 omnino
1497 2338 1604 2405 desunt

1016 2617 1019 2624 '
1110 2617 1126 2676 i·
1144 2638 1169 2679 ι’
1268 2653 1298 2721 C

829 2878 831 2887 Ι
959 2829 964 2836 -
1004 2829 1007 2836 ·
1044 2730 1180 2860 Initiuin
1200 2793 1292 2861 huius
1311 2771 1414 2862 carias
1433 2795 1512 2862 deest

602 2937 636 2998 ct
652 2927 795 3014 singulis
811 2927 1026 3000 libertatibus
1037 2951 1112 2998 com
1174 2979 1791 3004 ............
1812 2911 1846 3000 ’.
1893 2980 1902 2998 .
1948 2979 1957 2998 .

601 3055 746 3118 cumque
761 3035 804 3102 ad
819 3033 931 3102 dictos
946 3041 1078 3104 amoos
1120 3085 1958 3108 ................
2021 3104 2025 3123 „

601 3139 636 3206 in
651 3139 801 3206 futurum
819 3139 1020 3226 sinsaliqua
1063 3191 1957 3214 .................

602 3263 755 3312 meorum
771 3264 831 3310 seu
848 3244 1098 3329 assignatorum
1120 3297 1956 3320 ................

602 3345 825 3433 quooismodo
840 3348 1030 3418 iaciendum
1047 3351 1081 3420 io
1121 3403 1957 3425 ................

601 3451 701 3522 fuerit
717 3472 777 3538 pro
792 3453 902 3522 mute
918 3475 967 3524 an
1008 3505 1956 3531 ..................

601 3575 677 3626 rum
693 3577 754 3642 pro
768 3556 869 3648 dictis
883 3559 1003 3645 uiginti
1008 3593 1957 3636 ..................

602 3660 1023 3734 anniversariorummso‘.
1047 3671 1049 3680 '
1066 3717 1957 3742 .................

602 3781 722 3852 asper
735 3765 861 3838 testum
900 3815 1405 3847 ...........
1447 3845 1448 3848 ,
1453 3825 1957 3848 ..........

603 3870 729 3948 Sciatis
744 3871 944 3958 magistrum
961 3877 1058 3946 inho
1122 3930 1405 3953 .......
1450 3909 1452 3920 ⁴
1453 3932 1902 3953 .........
1944 3911 1958 3952 ·.

603 3993 679 4044 nrm
694 3989 884 4046 annuorum
929 4032 1294 4054 .........
1311 3985 1314 3991 “
1342 4035 1957 4058 ............

603 4101 699 4151 orum
718 4091 863 4167 quatuor
957 4134 1958 4164 ...................

603 4185 704 4255 lanus
719 4187 798 4260 bina
813 4189 886 4258 vice
952 4255 953 4259 ,
1000 4255 1005 4262 .

604 4291 784 4360 annuatim
801 4295 960 4380 aequales
971 4305 1015 4366 'ut
1027 4301 1071 4367 ad
1123 4304 1145 4366 ‚³
1169 4328 1211 4390 ,μ
1233 4353 1958 4375 ..............

604 4393 705 4466 dictis
719 4397 907 4470 celebrabit
903 4411 1009 4470 aut
1010 4451 1021 4470 ‚
1067 4453 1075 4470 .
1122 4455 1131 4472 .
1179 4455 1186 4472 .
1234 4457 1241 4473 .
1289 4459 1297 4475 .
1344 4456 1352 4476 .
1400 4459 1959 4480 ...........

605 4499 749 4587 propriis
763 4511 797 4570 et
812 4505 1004 4578 orationum
1021 4510 1199 4596 suiirsg'
1158 4559 1959 4586 ................

605 4605 652 4676 tis
667 4607 729 4678 sibi
746 4609 931 4698 assignatis
958 4662 1959 4696 ...................
