4488 5996
580 589 643 658 asa
673 571 865 659 Informacio
886 573 1004 642 circum
1025 574 1170 643 ciuem
1191 575 1309 642 callum
1329 582 1358 642 et
1379 573 1686 644 admicashacionem
1707 575 1937 664 capellanorum

710 747 786 814 Hec
798 757 849 816 est
861 769 942 816 vera
952 748 1050 834 copia
1064 747 1260 834 principalis
1274 759 1367 818 carte
1382 749 1605 818 collacionata
1620 771 1680 836 per
1694 771 1750 818 me
1765 749 1936 820 notarium

710 852 883 938 publicum
898 855 1127 940 subscriptum
1582 859 1585 866 ’

841 959 897 1026 Ita
910 968 962 1028 est
979 960 1150 1028 Iohannes
1165 959 1319 1045 kennedy
1333 959 1486 1028 notarius
1506 959 1662 1046 publicus
1682 981 1786 1028 mauu
1801 959 1938 1047 propria

1186 1219 1332 1288 CXXII.
1395 1209 1399 1214 ’

357 1365 402 1418 rol.
415 1366 496 1420 100²*
579 1357 772 1446 Insormacc'o
794 1361 912 1427 tradito
934 1361 1112 1450 capellanis
1134 1362 1171 1428 dc
1192 1361 1353 1428 Abcrdcae
1374 1361 1459 1426 circa
1480 1359 1627 1426 diuinum
1646 1361 1764 1426 cultum
1785 1366 1813 1426 ct
1832 1381 1938 1426 eorum

709 1467 1016 1534 administratorum
1031 1473 1090 1555 per
1108 1468 1313 1554 Ingeramum
1335 1467 1473 1552 liadcsap
1495 1466 1686 1554 Episcopum
1706 1466 1939 1534 attractatam

709 1594 746 1638 ac
760 1574 859 1640 eciam
868 1580 926 1660 per
940 1572 1077 1640 thom
1092 1573 1187 1660 Spcns
1202 1573 1391 1660 Ephcopum
1405 1572 1589 1657 confimuta

635 1711 665 1778 N
699 1711 822 1778 Primis
851 1715 940 1797 quod
966 1713 1059 1778 omni
1085 1713 1138 1778 die
1165 1711 1274 1778 sabati
1300 1731 1419 1778 omnes
1444 1709 1611 1796 capellani
1637 1721 1708 1777 tarn
1735 1709 1939 1795 conducticij

677 1837 780 1900 quam
799 1814 931 1882 fundati
951 1815 1008 1900 qui
1027 1815 1143 1882 diuina
1161 1815 1331 1882 celebrant
1347 1815 1382 1881 in
1397 1813 1541 1882 ecclesia
1556 1817 1598 1882 de
1613 1815 1771 1882 abirdene
1793 1835 1939 1882 unacum

581 1921 707 1988 vicario
727 1921 905 2006 capellano
926 1921 1126 2006 parrochiali
1149 1921 1231 1988 hora
1254 1941 1344 1988 nona
1365 1921 1418 1988 vel
1441 1919 1531 1988 circa
1553 1921 1654 1987 simul
1678 1919 1882 1987 conveniant
1904 1919 1940 1986 in

582 2026 732 2111 capitulo
753 2025 904 2094 eiusdem
928 2027 1069 2094 ecclesie
1091 2037 1125 2093 et
1148 2027 1193 2094 ibi
1217 2035 1370 2094 statuant
1394 2047 1453 2112 per
1475 2027 1613 2093 modum
1636 2027 1752 2093 tabule
1767 2047 1826 2112 per
1840 2027 1943 2092 ebdo-

583 2129 710 2196 midam
733 2139 766 2195 et
789 2130 946 2216 precipue
962 2151 1022 2216 pro
1043 2131 1140 2197 festis
1162 2131 1437 2216 contingentibus
1459 2131 1545 2198 infra
1567 2133 1709 2198 eandem
1732 2132 1774 2198 de
1797 2131 1941 2217 singulis

583 2233 747 2300 ministris
773 2255 833 2319 pro
859 2233 1002 2320 singulis
1025 2235 1145 2320 officijs
1160 2245 1193 2302 et
1209 2235 1518 2303 ministrationibus
1536 2235 1656 2302 fiendis
1677 2233 1857 2320 unicuique
1885 2237 1940 2301 In·

581 2337 722 2405 timetur
742 2339 889 2405 officium
912 2339 976 2406 sibi
1000 2339 1183 2406 limitatum
1207 2359 1249 2406 ne
1272 2341 1420 2425 aliquam
1442 2340 1572 2425 possint
1587 2339 1844 2406 excusacionem
1868 2361 1940 2424 pre·

583 2446 721 2512 tendere
733 2445 779 2509 Et
791 2445 880 2528 quod
892 2442 927 2508 in
937 2443 1081 2510 ecclesia
1092 2444 1207 2510 nullus
1217 2454 1372 2511 occurrat
1384 2446 1534 2512 delectus
1546 2445 1635 2511 circa
1651 2445 1939 2512 ministracionem

583 2550 730 2616 fiendam
1087 2563 1094 2571 ·

671 2655 758 2718 Item
782 2651 817 2717 in
840 2651 957 2719 diebus
980 2651 1158 2719 dominicis
1180 2661 1214 2719 et
1236 2652 1368 2721 festinis
1390 2655 1524 2738 quando
1545 2651 1725 2720 seruicium
1744 2653 1779 2720 in
1795 2654 1940 2723 eeclesia

584 2755 627 2822 sit
649 2755 841 2838 iaciendum
868 2777 945 2822 cum
972 2765 1054 2823 nota
1080 2757 1153 2824 siue
1178 2757 1212 2822 in
1240 2757 1418 2824 matutinis
1441 2777 1565 2842 magna
1588 2757 1693 2825 missa
1714 2759 1767 2824 vel
1791 2759 1948 2844 vesperis

583 2881 702 2928 omnes
732 2861 898 2946 capellani
927 2861 1053 2928 intrent
1083 2862 1223 2929 chorum
1254 2883 1331 2929 cum
1363 2862 1607 2948 superpelliciis
1640 2863 1776 2930 mundis
1805 2875 1942 2949 propter

584 2967 745 3033 honorem
761 2965 815 3033 dei
830 2976 864 3032 et
880 2963 1021 3032 ecclesie

673 3073 760 3139 Item
776 3073 865 3157 quod
881 3071 1025 3139 sacrista
1039 3082 1073 3138 et
1085 3071 1198 3138 clerici
1214 3071 1440 3158 parrochiales
1463 3071 1620 3139 intersint
1636 3072 1681 3139 ibi
1697 3091 1775 3139 cum
1791 3071 1868 3139 aliis
1883 3071 1940 3158 qui

585 3179 619 3244 in
653 3177 796 3264 singulis
829 3177 1183 3246 administracionibus
1212 3189 1284 3245 tam
1314 3179 1349 3244 in
1379 3178 1523 3244 ecclesia
1553 3197 1654 3263 quam
1685 3177 1775 3244 circa
1804 3177 1940 3262 pulsum

585 3285 838 3370 Campanarum
854 3283 948 3351 iuxta
963 3283 1213 3352 ordinacionem
1229 3283 1368 3370 capituli
1385 3305 1421 3350 se
1436 3293 1613 3351 exerceant

674 3390 760 3454 Item
777 3390 867 3473 quod
889 3389 1004 3455 omnia
1020 3389 1086 3456 ista
1101 3388 1299 3456 ordinentur
1313 3387 1544 3474 principaliter
1558 3387 1652 3454 iuxta
1667 3384 1940 3454 Auisiamentum

584 3491 700 3576 ricarij
717 3492 826 3558 curati
841 3503 875 3559 et
891 3493 1033 3560 aliorum
1050 3493 1219 3560 seniorum
1236 3493 1436 3560 deecclesia

674 3599 760 3662 Item
787 3599 876 3680 quod
901 3598 1096 3664 deficientes
1126 3599 1215 3665 circa
1240 3597 1432 3664 huiusmodi
1459 3597 1642 3683 puniantur
1671 3605 1705 3662 et
1731 3595 1943 3680 corrigantur

586 3703 771 3768 secundum
803 3701 1043 3770 discrecionem
1074 3715 1108 3770 ct
1138 3703 1313 3771 arbitrium
1342 3703 1458 3788 vicarij
1490 3712 1524 3769 et
1554 3701 1662 3768 curati
1692 3721 1770 3768 cum
1800 3699 1942 3768 consilio

586 3805 756 3872 seniorum
771 3806 828 3890 qui
846 3807 1000 3873 duxerint
1023 3809 1066 3875 ad
1090 3809 1154 3874 hoc
1171 3809 1343 3874 vocandos
1366 3809 1412 3874 Et
1435 3807 1465 3872 ri
1487 3806 1601 3891 aliquo
1623 3805 1741 3892 grauia
1764 3815 1941 3872 occurrant

585 3909 731 3977 referant
747 3909 881 3976 officiali
897 3923 1012 3980 nostro
1028 3923 1061 3980 et
1078 3913 1175 3980 nobis
1190 3923 1289 3999 prout
1304 3913 1403 3980 fuerit
1419 3921 1623 3998 oportunum

674 4015 761 4080 Item
787 4017 877 4100 quod
903 4015 931 4082 ei
956 4035 1020 4101 que
1046 4019 1167 4085 debate
1189 4019 1241 4084 vel
1266 4016 1493 4084 contrauersie
1519 4017 1672 4082 oriantur
1696 4014 1785 4082 inter
1810 4013 1942 4100 aliquos

586 4118 781 4202 capellanos
802 4137 868 4204 que
890 4140 950 4205 per
975 4122 1124 4189 medium
1151 4121 1391 4207 premissorum
1418 4121 1642 4187 reformentur
1663 4129 1697 4186 et
1720 4120 1952 4186 emendentur·

587 4223 633 4288 Et
649 4223 738 4306 quod
753 4224 867 4289 nullus
882 4225 925 4290 ab
940 4245 1055 4291 eorum
1071 4225 1353 4292 determinatione
1367 4225 1479 4292 valeat
1496 4245 1532 4290 se
1549 4225 1747 4290 subtrahere

674 4327 761 4392 Item
785 4329 874 4410 quod
897 4331 1082 4396 secundum
1106 4329 1378 4396 huisiamentum
1403 4329 1569 4396 maiorum
1584 4339 1619 4395 et
1634 4328 1805 4394 seniorum
1824 4347 1942 4413 preno-

587 4427 1010 4501 minatorumstatuantur
1031 4435 1135 4521 aliqui
1159 4435 1356 4503 collectores
1371 4444 1537 4520 quantum
1553 4436 1596 4501 ad
1611 4432 1726 4500 omnia
1748 4431 1942 4498 communia

586 4535 800 4601 occurrencia
813 4535 902 4602 circa
917 4558 1135 4623 quascunque
1147 4539 1271 4606 missas
1285 4537 1473 4624 peculimes
1488 4557 1529 4604 ex
1544 4536 1800 4623 quibuscunque
1814 4533 1941 4601 relictis
