4460 5984
612 641 675 692 220
806 653 811 668 ·
956 621 1088 690 Ronlale
1109 623 1249 690 obiam
1269 627 1298 689 el
1317 623 1620 718 Anniucrsariorum

609 801 778 883 quondam
803 797 983 864 Alexandri
1009 797 1103 864 leslie
1127 818 1187 883 pro
1211 797 1413 883 quaquidem
1437 797 1542 866 missa
1565 798 1736 884 perpetuis
1757 798 1965 886 temporibus

386 915 493 976 t01.es²
608 905 768 970 duratura
790 902 954 988 capellanj
979 901 1111 988 collegij
1137 903 1356 969 Infeodantur
1377 901 1553 969 annuatim
1577 905 1618 970 de
1632 902 1752 990 viginti
1773 926 1790 970 s
1812 907 1854 972 de
1875 913 1965 972 terra

608 1008 789 1076 Alexandri
805 1008 931 1093 naehty
948 1011 1085 1075 Iacente
1100 1007 1135 1073 in
1150 1007 1225 1075 vico
1241 1007 1411 1094 superiore
1426 1007 1567 1076 ecclesie
1582 1017 1619 1076 vt
1633 1003 1826 1094 responsuri
1842 1019 1921 1076 sunt

292 1236 294 1248 ¹
388 1223 587 1304 opinaremini
696 1218 819 1286 Obitus
848 1216 975 1284 domini
1005 1217 1107 1284 dauid
1137 1239 1231 1284 waus
1259 1217 1374 1304 vicarij
1403 1218 1445 1285 de
1469 1218 1564 1286 hanff
1687 1267 1696 1285 .
1732 1217 1839 1288 Cuius
1862 1219 1965 1286 Anni·

386 1289 560 1421 isiffiffim
609 1325 779 1390 uersarius
809 1323 985 1390 annuatim
1015 1324 1238 1391 celebrabitur
1266 1325 1310 1390 ad
1339 1324 1445 1390 altare
1476 1325 1602 1390 Sancte
1632 1325 1737 1392 marie
1766 1325 1966 1410 magdalene

386 1419 453 1470 Μ
610 1431 650 1494 ln
672 1430 780 1496 forma
802 1429 956 1514 sequenti
979 1429 1135 1496 videlicet
1158 1429 1192 1496 in
1215 1429 1384 1498 dominica
1408 1439 1484 1516 post
1506 1430 1629 1498 festum
1653 1431 1770 1498 Sancti
1795 1429 1964 1516 Nicholaij

608 1557 667 1620 pro
683 1527 861 1604 animabus
884 1545 1062 1621 parentum
1086 1535 1166 1602 dicti
1189 1535 1317 1602 domini
1332 1535 1447 1621 vicarij
1468 1545 1501 1602 et
1518 1537 1650 1603 Andree
1672 1536 1762 1621 alanj
1780 1545 1813 1602 et
1829 1535 1966 1602 cristine

607 1633 737 1708 cadiow
759 1663 882 1726 sponse
905 1662 965 1706 sue
988 1639 1207 1708 celebrandas
1230 1636 1265 1706 in
1288 1642 1408 1708 sabato
1434 1641 1626 1726 precedenti
1649 1641 1808 1726 exequias
1831 1641 1965 1708 defime-

606 1755 718 1813 torum
737 1748 779 1812 de
797 1747 937 1832 placebo
953 1755 986 1812 et
1003 1745 1108 1832 dirige
1123 1767 1200 1812 cum
1225 1746 1330 1814 missa
1346 1747 1388 1812 de
1403 1756 1484 1813 nota
1499 1745 1534 1811 in
1554 1745 1724 1814 dominica
1746 1757 1779 1814 et
1802 1746 1966 1833 trigintali

597 1841 761 1936 'sequenti
786 1873 845 1936 per
867 1851 1073 1918 ebdomitam
1098 1861 1135 1916 ut
1159 1851 1262 1916 moris
1282 1861 1334 1918 est
1358 1852 1404 1917 Et
1427 1861 1504 1937 post
1526 1853 1702 1918 decessum
1730 1851 1811 1919 dicti
1837 1851 1964 1937 dominj

606 1955 722 2042 vicarij
740 1957 977 2023 celebrandum
989 1977 1049 2041 pro
1061 1956 1171 2022 salute
1183 1956 1295 2022 anime
1307 1977 1367 2022 sue
1379 1965 1412 2022 et
1425 1955 1614 2023 animarum
1627 1955 1794 2024 dictarum
1805 1955 1967 2023 Anniuer·

608 2062 734 2128 san'um
751 2072 966 2148 prenotatum
979 2062 1013 2127 in
1027 2063 1153 2129 Sabato
1166 2061 1317 2147 proximo
1333 2071 1494 2147 sequente
1510 2061 1667 2146 exequias
1679 2062 1913 2128 defunctorum
1925 2063 1967 2128 de

607 2167 747 2254 placebo
760 2177 793 2234 et
805 2167 910 2253 dirige
926 2189 1003 2235 cum
1020 2167 1125 2234 missa
1137 2169 1178 2234 de
1190 2177 1271 2234 nota
1287 2167 1321 2233 in
1337 2167 1507 2234 dominica
1521 2167 1675 2252 sequenti
1687 2176 1720 2234 et
1732 2166 1897 2252 trigintali
1909 2187 1968 2250 per

609 2273 827 2340 Ebdomitam
840 2257 883 2338 ad
895 2272 1024 2340 dictum
1036 2273 1143 2339 altare
1155 2293 1215 2358 pro
1228 2294 1294 2358 quo
1306 2272 1471 2357 capellanj
1487 2272 1706 2338 infeodantur
1715 2271 1749 2337 in
1758 2271 1878 2357 viginti
1890 2269 1967 2336 soli·

607 2377 659 2443 dis
671 2378 712 2444 de
723 2386 813 2444 terra
826 2365 988 2446 Iohannis
1005 2377 1155 2445 menzeis
1167 2377 1201 2443 in
1213 2378 1288 2445 vico
1303 2378 1443 2445 nauium
1455 2388 1489 2444 et
1501 2377 1660 2445 collector
1673 2377 1828 2445 Inueniet
1845 2376 1967 2444 lumin-

607 2480 678 2548 aria
688 2491 722 2548 et
732 2481 873 2548 sacriste
885 2503 945 2567 pro
957 2481 1110 2568 pulsibus
1122 2503 1366 2568 campanarum
1379 2482 1548 2568 persoluet
1558 2493 1612 2550 etc
1622 2491 1659 2550 ut
1669 2483 1861 2569 responsuri
1874 2481 1941 2548 sint

386 2678 480 2758 outae
491 2679 556 2730 wu-
694 2673 816 2741 Obitus
846 2676 1016 2761 quondam
1046 2673 1212 2744 Willelmi
1246 2674 1396 2761 Cantuly
1425 2673 1594 2742 dominica
1623 2674 1701 2760 xviij
1733 2683 1809 2761 post
1842 2675 1966 2742 festum

385 2745 573 2862 {imiimi
607 2787 724 2844 sancte
738 2778 902 2846 trinitatis
917 2779 973 2866 quj
992 2781 1073 2847 obiit
1089 2781 1149 2846 tali
1162 2781 1215 2848 die
1231 2780 1359 2846 mensis
1373 2781 1521 2848 octobris
1531 2783 1630 2848 Anno
1646 2781 1773 2848 domini
1787 2781 1968 2848 millesimo

385 2890 479 2942 ⁸9⁰¹*
491 2892 537 2927 Μ
607 2883 938 2970 quadringentesimo
955 2886 1212 2972 Septuagesimo
1228 2896 1352 2954 octauo
1368 2887 1474 2954 Cuius
1489 2885 1758 2954 anniuersarium
1774 2896 1807 2953 et
1823 2887 1966 2954 mariote

607 2989 755 3074 Cantuly
785 3011 908 3075 sponse
938 3011 998 3057 sue
1028 2990 1193 3076 capellanj
1227 2991 1357 3076 collegij
1390 2991 1606 3058 celebrabunt
1636 2991 1693 3056 ad'
1709 2989 1816 3058 altare
1849 2991 1965 3058 Sancti

607 3093 770 3178 Stephanj
789 3093 937 3160 martiris
952 3095 1071 3162 eadem
1088 3093 1257 3162 dominica
1272 3094 1325 3160 die
1341 3093 1520 3162 annuatim
1535 3114 1613 3160 cum
1637 3091 1742 3160 missa
1764 3096 1806 3159 de
1829 3103 1911 3161 nota
1933 3103 1967 3162 et

607 3195 771 3282 trigintali
795 3198 974 3266 missarum
1002 3199 1251 3284 [precedentem
1262 3197 1296 3284 *]
1322 3221 1382 3286 per
1405 3197 1623 3266 Ebdomitam
1648 3197 1809 3282 Exequiis
1831 3209 1966 3266 tanturn

608 3313 815 3370 mortuorum
829 3326 906 3371 cum
919 3305 1060 3390 placebo
1072 3315 1105 3372 et
1118 3305 1224 3391 dirige
1237 3305 1271 3372 in
1285 3305 1411 3372 Sabato
1424 3303 1615 3390 precedenti
1628 3303 1850 3371 celebratisvt
1863 3301 1966 3372 moris

607 3417 659 3474 est
669 3429 730 3493 pro
740 3409 942 3493 quoquidern
953 3409 1197 3477 Anniuersario
1210 3411 1428 3477 lnieodantur
1439 3409 1603 3495 capellanj
1616 3409 1651 3474 in
1661 3409 1837 3474 duodecim
1850 3407 1967 3475 solidis

606 3512 648 3576 de
663 3519 752 3578 terra
767 3513 938 3595 quondam
954 3513 1119 3580 Willelmi
1136 3513 1284 3600 Cantuly
1297 3515 1338 3579 In
1349 3513 1424 3580 vico
1439 3513 1609 3580 furcarum
1624 3522 1658 3578 et
1674 3513 1715 3578 de
1731 3513 1798 3580 Sex
1809 3535 1827 3579 s
1837 3523 1871 3580 et
1883 3511 1930 3596 iiij
1944 3515 1966 3580 d

607 3617 649 3682 de
671 3615 702 3681 le
725 3617 853 3702 quhitis
875 3618 955 3684 land
970 3617 1005 3683 in
1020 3619 1095 3686 vico
1115 3619 1254 3686 nauium
1278 3639 1368 3686 nunc
1391 3619 1426 3684 in
1449 3618 1606 3687 manibus
1625 3617 1806 3684 Alexandri
1828 3617 1967 3686 chamer

607 3721 649 3786 de
664 3721 816 3787 murthill
832 3721 997 3790 existente
1011 3731 1048 3790 vt
1063 3726 1263 3810 respondere
1278 3723 1383 3792 velint

381 3899 426 3952 rol.
441 3899 491 3954 ⁸⁸³
695 3877 906 3964 Venerabilis
935 3897 1056 3964 doctus
1082 3908 1115 3964 et
1145 3897 1412 3984 circumspectus
1436 3895 1488 3963 vir
1517 3895 1679 3982 magister
1701 3897 1854 3964 Andreas
1884 3895 1964 3983 lyall

380 3985 586 4106 ffiffffl}
608 3997 840 4068 thesaurarius
866 4003 907 4068 de
929 4001 1078 4070 Abirdon
1108 4012 1142 4068 et
1169 4001 1323 4070 officialis
1352 4001 1503 4070 eiusdem
1529 4001 1564 4068 in
1591 4001 1752 4068 honorem
1778 3999 1832 4068 dei
1858 3999 1964 4068 omni·

379 4117 555 4234 pgidmffii
608 4105 756 4190 potentis
785 4115 838 4172 etc
868 4106 1023 4174 lundauit
1052 4127 1154 4174 unam
1185 4105 1325 4174 missam
1356 4105 1478 4174 cotidie
1512 4105 1747 4172 celebrandam
1781 4105 1824 4172 ad
1858 4105 1964 4172 altare

254 4243 257 4250 ·
380 4247 574 4315 maenaque
608 4209 744 4294 gloriosi
774 4210 880 4278 nostri
910 4211 1042 4296 patronj
1075 4211 1193 4279 Sancti
1224 4211 1380 4297 Nicholaj
1414 4261 1421 4278 .
1454 4260 1463 4276 .
1495 4261 1502 4277 .
1534 4231 1594 4296 pro
1625 4210 1828 4296 quaquidem
1860 4210 1964 4277 missa

378 4311 574 4446 glssssdeepcegd·
607 4313 729 4380 futuris
743 4316 952 4401 temporibus
968 4319 1129 4384 duratura
1144 4327 1177 4384 et
1194 4317 1393 4384 celebranda
1412 4315 1576 4402 capellanj
1601 4315 1682 4382 dicti
1705 4315 1836 4402 collegij
1856 4315 1963 4382 Iuleo-

378 4441 572 4497 lmireioeuem
608 4420 731 4486 dantur
745 4419 779 4486 in
795 4421 949 4506 piscariis
964 4421 1092 4508 dimidij
1119 4421 1242 4490 Rethis
1264 4424 1305 4490 de
1327 4421 1433 4489 iurdis
1455 4443 1556 4505 super
1577 4442 1701 4506 aquam
1720 4422 1762 4488 de
1783 4421 1843 4488 dee
1866 4431 1899 4488 et
1922 4421 1963 4488 ln

1081 4594 1095 4622 ⁵
1114 4595 1144 4644 ln
1156 4593 1272 4660 margine
1284 4597 1301 4624 “
1309 4600 1459 4660 sequentem
1467 4593 1493 4642 ”.
