4460 5984
983 695 1144 762 Fundatio
1165 698 1306 764 Dauidis
1328 699 1516 766 Andersoun
1559 717 1562 720 ·

1196 909 1308 973 XCII.

505 1053 511 1070 ·
572 1041 733 1108 Fundatio
748 1045 879 1130 prouidi
904 1046 968 1110 uiri
995 1047 1121 1112 daridis
1147 1048 1320 1112 andersoun
1347 1049 1505 1134 burgensis
1532 1050 1624 1136 burgi
1648 1051 1684 1116 de
1707 1051 1866 1116 Abirdem
1893 1053 1929 1117 in

702 1151 768 1216 uico
792 1151 960 1236 furcarum
990 1153 1066 1217 olim
1098 1154 1328 1220 Commorantes
1359 1155 1414 1240 qui
1444 1155 1521 1220 obiit
1552 1156 1699 1242 vigesimo
1732 1156 1782 1220 dio
1814 1158 1926 1222 musis

700 1257 840 1343 Augustj
861 1279 944 1322 anuo
966 1258 1087 1323 domini
1108 1259 1273 1324 millesimo
1295 1260 1536 1345 quingentesimo
1559 1261 1716 1347 trigesimo
1739 1262 1831 1328 Sexto

670 1397 856 1465 MNIBUS
879 1397 967 1465 hanc
1000 1401 1138 1466 Castam
1167 1399 1290 1466 visuris
1315 1401 1368 1466 vel
1395 1401 1570 1467 Audituris
1603 1401 1715 1467 Dauid
1739 1403 1928 1468 andersone

709 1503 886 1588 burgensis
909 1504 1005 1588 burgi
1027 1507 1068 1570 de
1084 1505 1252 1571 Abirdene
1274 1506 1309 1570 in
1331 1506 1406 1572 vico
1426 1507 1595 1572 furcarum
1617 1507 1698 1572 dicti
1719 1507 1816 1591 burgi
1838 1529 1928 1574 com·

571 1627 708 1673 morans
724 1609 887 1674 Etemam
903 1609 937 1674 in
957 1609 1093 1675 domino
1110 1611 1262 1676 Salutem
1284 1612 1506 1696 premeditato
1523 1614 1611 1697 quod
1626 1633 1745 1678 omnes
1762 1613 1928 1679 stabimus

570 1722 649 1778 ante
665 1712 811 1779 tribunal
828 1715 953 1799 dominj
972 1716 1078 1781 nostri
1096 1717 1198 1782 Ihesu
1215 1715 1331 1782 christi
1348 1727 1446 1802 prout
1467 1718 1501 1782 in
1519 1739 1655 1802 corpore
1671 1717 1839 1802 gessimus
1854 1719 1927 1785 siue

570 1819 695 1884 bonum
717 1819 788 1884 siue
814 1821 940 1885 malum
964 1821 1130 1906 recepturi
1156 1823 1289 1887 Bonum
1313 1833 1364 1888 est
1388 1822 1490 1908 igitur
1514 1823 1613 1889 Diem
1637 1823 1777 1907 extremj
1805 1823 1924 1908 Iudicij

569 1923 726 2006 operibus
741 1923 967 1989 misericordie
983 1925 1157 2009 prouenire
1174 1925 1260 1990 sicut
1277 1925 1444 1992 seminata
1457 1927 1491 1990 in
1503 1925 1603 1990 terris
1619 1925 1797 2010 multiplicj
1815 1925 1926 1991 fructu

568 2026 732 2112 collegere
746 2028 921 2094 valeamus
942 2029 975 2094 in
1000 2030 1091 2096 Celis
1114 2031 1286 2096 Noueritis
1309 2051 1364 2095 me
1386 2030 1489 2115 igitur
1511 2029 1545 2095 in
1569 2030 1729 2095 honorem
1751 2029 1804 2094 dei
1820 2029 1926 2094 omni-

567 2131 716 2216 potentis
741 2133 940 2200 intemerate
967 2137 1116 2200 eiusdem
1143 2136 1323 2221 genetricis
1354 2135 1460 2201 marie
1486 2133 1704 2219 omniumque
1730 2143 1925 2200 sanctorum
2019 2125 2022 2133 ’

568 2237 826 2332 celestisCurie
849 2261 909 2324 pro
933 2241 1042 2306 salute
1065 2241 1177 2306 anime
1200 2263 1275 2307 mee
1297 2241 1409 2307 anime
1434 2241 1618 2307 Kathen'ne
1637 2241 1704 2325 hay
1719 2238 1832 2305 uxoris
1850 2259 1925 2304 mee

566 2343 710 2427 prolium
727 2353 918 2411 nostrarum
935 2357 1180 2431 parentumque
1196 2369 1235 2413 ac
1252 2347 1502 2413 benefactorum
1519 2356 1710 2411 nostrorum
1727 2365 1767 2410 ac
1785 2344 1923 2409 Illorum

567 2447 718 2513 omnium
749 2471 769 2515 a
799 2449 920 2532 quibus
950 2449 1063 2533 aliqua
1093 2453 1181 2517 bona
1210 2450 1323 2517 minus
1353 2451 1441 2516 iuste
1471 2450 1652 2516 habuimus
1681 2459 1714 2514 et
1745 2447 1924 2515 animabus

567 2550 718 2616 omnium
734 2551 884 2618 fidelium
900 2553 1133 2619 defunctorum
1150 2553 1282 2618 dedisse
1306 2554 1514 2620 concessisse
1530 2564 1563 2618 et
1585 2553 1648 2618 hac
1665 2551 1812 2637 presenti
1829 2561 1923 2617 carta

566 2675 642 2720 mea
672 2655 889 2721 confirmasse
921 2657 1062 2722 Necnon
1092 2665 1208 2722 tenore
1234 2657 1441 2742 presentium
1472 2658 1551 2722 dare
1582 2657 1765 2722 concedere
1794 2665 1828 2721 et
1858 2654 1923 2720 hac

565 2757 714 2842 presenti
744 2768 837 2824 carta
867 2779 943 2824 mea
973 2760 1173 2825 confirmare
1204 2759 1369 2825 Discretis
1398 2757 1479 2825 viris
1510 2761 1637 2826 Curato
1672 2769 1705 2823 et
1737 2757 1923 2842 capellanis

566 2861 668 2929 Chori
692 2871 725 2927 et
749 2861 902 2928 Ecclesie
925 2863 1128 2948 parochialis
1150 2863 1218 2948 diuj
1251 2862 1409 2947 nicholaij
1435 2865 1476 2929 de
1498 2863 1666 2958 Abirdene
1689 2849 1723 2928 e't
1746 2861 1817 2928 suis
1841 2863 1923 2928 Suc·

565 2967 754 3033 cessoribus
784 2968 967 3052 capellanis
993 2967 1073 3052 dictj
1102 2968 1195 3034 chori
1225 2967 1351 3034 Totum
1382 2977 1415 3034 et
1442 2967 1608 3054 integrum
1636 2987 1739 3032 vnum
1770 2987 1921 3032 annuum

564 3073 732 3139 redditum
756 3095 869 3140 meum
894 3073 1013 3158 viginti
1044 3083 1121 3140 octo
1151 3073 1334 3140 solidorum
1364 3074 1492 3139 vsualis
1519 3057 1656 3139 ¹monete
1686 3071 1780 3158 regni
1808 3071 1922 3138 Scotie

564 3178 740 3245 annuatim
756 3187 934 3244 exeuntem
950 3189 983 3244 et
999 3179 1181 3244 leuandum
1198 3180 1240 3244 ad
1256 3180 1342 3244 duos
1356 3177 1435 3262 annj
1453 3177 1616 3242 terminos
1631 3177 1766 3244 vsuales
1781 3177 1921 3262 penthe-

564 3293 676 3350 costes
700 3285 856 3350 videlicet
882 3295 916 3350 et
940 3284 1057 3352 Sancti
1081 3283 1215 3368 martinj
1241 3283 1275 3349 in
1299 3285 1419 3368 hyeme
1443 3305 1503 3369 per
1525 3283 1662 3368 equales
1684 3285 1769 3349 duas
1792 3283 1921 3350 medias

564 3389 734 3474 portiones
750 3391 791 3455 de
806 3399 878 3455 toto
895 3399 927 3455 et
951 3389 1081 3474 integro
1100 3389 1157 3454 illo
1173 3398 1368 3454 tenemento
1392 3388 1554 3455 Iohannis
1571 3409 1651 3473 crag
1666 3409 1744 3453 cum
1761 3386 1831 3452 suis
1847 3408 1920 3472 per·

563 3492 720 3558 tinenciis
748 3495 884 3559 Iacente
911 3493 996 3559 infra
1023 3493 1150 3559 dictum
1178 3495 1321 3577 burgum
1348 3493 1383 3558 in
1410 3492 1483 3558 vieo
1514 3491 1675 3577 superiori
1708 3491 1848 3557 ecclesie
1879 3513 1920 3557 ex

563 3603 658 3682 parte
674 3599 798 3665 boreali
814 3599 963 3665 eiusdem
979 3597 1044 3663 vici
1060 3597 1148 3663 inter
1163 3607 1288 3664 terram
1313 3596 1476 3663 Iohannis
1496 3595 1636 3662 arthour
1651 3617 1692 3660 ex
1707 3595 1861 3661 orientali
1878 3615 1918 3660 ex

562 3723 628 3768 vna
644 3711 677 3768 et
693 3713 817 3770 terram
833 3704 949 3769 thome
973 3703 1104 3769 erasurd
1129 3725 1169 3768 ex
1192 3702 1393 3768 occidentali
1415 3701 1568 3786 partibus
1587 3703 1630 3767 ab
1652 3701 1758 3778 altera
1776 3709 1809 3765 et
1828 3721 1918 3766 com·

562 3829 699 3874 munem
711 3808 801 3874 viam
817 3809 944 3894 regiam
956 3829 1074 3874 versus
1085 3818 1238 3874 austrum
1255 3819 1288 3874 et
1305 3810 1529 3875 Communem
1541 3806 1708 3872 venellam
1724 3805 1806 3872 dicti
1822 3803 1918 3890 burgi

561 3935 678 3978 versus
708 3913 844 3980 boream
874 3913 1074 3978 Tenendum
1105 3923 1138 3978 et
1169 3913 1361 3979 habendum
1391 3921 1501 3977 totum
1529 3921 1562 3976 et
1588 3911 1758 3995 integrum
1788 3909 1917 3976 dictum

561 4039 711 4084 annuum
753 4018 921 4084 redditum
957 4017 1076 4103 viginti
1113 4028 1190 4084 octo
1228 4017 1410 4084 solidorum
1448 4037 1525 4082 cum
1562 4015 1779 4101 pertinenciis
1816 4015 1917 4080 dictis

562 4123 689 4190 Curato
719 4131 753 4188 et
784 4122 977 4208 capellanis
1007 4145 1046 4190 ac
1078 4123 1148 4190 suis
1185 4125 1435 4191 successoribus
1473 4122 1667 4207 Capellanis
1704 4119 1785 4187 dicti
1823 4119 1917 4186 chori

561 4249 581 4294 a
618 4249 672 4292 me
713 4227 892 4294 heredibus
928 4238 961 4294 et
1000 4228 1182 4312 assignatis
1225 4229 1310 4294 meis
1346 4231 1388 4295 de
1425 4248 1583 4312 supremo
1624 4225 1760 4293 domino
1801 4235 1917 4292 nostro

560 4351 638 4415 rege
661 4340 694 4396 et
718 4331 789 4396 suis
812 4333 1071 4399 Successoribus
1086 4333 1220 4417 regibus
1244 4333 1350 4399 scotie
1373 4333 1407 4398 in
1431 4353 1550 4417 puram
1574 4341 1607 4397 et
1631 4341 1828 4416 perpetuam
1852 4331 1917 4396 ele·

560 4435 726 4500 mosinam
744 4436 991 4522 imperpetuum
1004 4439 1091 4504 Cum
1104 4438 1196 4502 omni
1210 4441 1286 4504 Iure
1302 4448 1335 4504 et
1349 4437 1437 4504 Iuris
1453 4437 1583 4502 clameo
1599 4435 1698 4501 titulo
1714 4435 1917 4520 proprietate

559 4548 592 4604 et
608 4540 822 4623 possessione
837 4563 877 4608 ac
893 4563 970 4608 cum
987 4541 1144 4608 omnibus
1165 4541 1240 4607 aliis
1256 4553 1288 4606 et
1305 4541 1447 4626 singulis
1471 4540 1682 4606 libertatibus
1697 4539 1916 4605 commodita-

558 4643 649 4710 tibus
664 4655 698 4710 et
714 4643 913 4712 asiamentis
935 4668 975 4712 ac
998 4647 1069 4713 suis
1091 4645 1190 4712 iustis
1211 4645 1429 4730 pertinenciis
1452 4644 1705 4728 quibuscunque
1727 4646 1769 4710 ad
1788 4643 1916 4708 dictum
