4488 5996
613 671 677 755 264
1022 669 1120 738 Carta
1143 668 1264 756 dononj
1284 667 1436 736 Iohannis
1462 669 1559 738 Waus

613 845 702 930 quod
725 842 890 910 eiusmodi
913 841 955 909 lis
978 842 1086 928 primo
1108 843 1248 929 patefiat
1271 851 1305 910 et
1328 841 1508 910 manifesta
1530 840 1574 910 sit
1596 841 1756 910 fratribus
1775 841 1915 928 capituli
1935 847 1969 908 et

613 945 701 1012 inter
715 947 851 1013 eosdem
867 945 1054 1030 corrigatur
1069 944 1131 1012 sub
1147 965 1234 1031 pena
1248 943 1492 1030 depriuationis
1510 946 1552 1012 ab
1570 943 1724 1030 ingressu
1740 945 1833 1030 chorj
1852 966 1969 1012 secun·

612 1051 693 1118 dum
709 1049 884 1116 arbitrium
900 1047 1039 1134 capituli
1056 1049 1203 1115 secundo
1222 1048 1285 1116 sub
1307 1069 1395 1133 pena
1417 1048 1458 1114 de
1480 1046 1629 1114 dimidiis
1644 1048 1855 1115 communeis
1869 1047 1969 1114 tertio

612 1155 675 1220 sub
697 1173 785 1239 pena
807 1151 1049 1237 depriuationis
1072 1149 1270 1236 simpliciter
1291 1151 1334 1218 ab
1356 1147 1495 1218 eiisdem
1519 1149 1730 1218 communeis
1752 1159 1786 1218 et
1809 1149 1882 1218 sine
1901 1150 1969 1218 vllo

613 1259 742 1326 lterum
758 1258 802 1324 ad
818 1258 936 1324 eadem
952 1275 1107 1340 regressu

783 1360 953 1426 Robertus
967 1355 1185 1442 elphinstoun
1200 1353 1454 1422 commissarius
1468 1354 1635 1442 generalis
1649 1353 1883 1424 abirdonensis

1190 1631 1392 1698 CXXVIII.

389 1778 433 1830 rot.
449 1777 514 1831 roe·
705 1771 893 1840 MNIBUS
916 1771 1004 1838 hanc
1028 1769 1181 1836 chartam
1203 1767 1326 1836 visuris
1348 1769 1401 1836 vel
1424 1767 1589 1836 audituris
1615 1768 1773 1836 dominus
1798 1771 1968 1840 Iohannes

389 1909 471 1962 cm
481 1908 579 1976 domin]
746 1896 831 1942 vaus
846 1872 1042 1960 capellanus
1061 1870 1203 1938 ecclesie
1225 1870 1447 1957 parrochialis
1469 1869 1537 1956 diuj
1562 1870 1721 1958 nicholaij
1745 1875 1788 1940 de
1810 1873 1968 1942 abirdene

388 1973 516 2092 {3¹:22³ss
528 2041 586 2106 mi
611 1977 765 2046 Salutem
788 1975 823 2042 in
845 1973 982 2042 domino
1005 1973 1245 2060 sempiternam
1269 1973 1356 2041 Cum
1380 1993 1498 2040 omnes
1521 1973 1687 2042 stabimus
1713 1985 1793 2042 ante
1820 1976 1966 2046 tribunal

389 2105 487 2172 avttys
609 2081 736 2167 dominj
754 2080 860 2166 nostrj
880 2081 983 2146 ihesu
1006 2079 1122 2165 christj
1141 2088 1240 2165 prout
1262 2078 1297 2144 in
1321 2100 1458 2164 corpore
1480 2079 1649 2165 gessimus
1665 2079 1737 2148 siue
1753 2083 1878 2150 bonum
1895 2084 1967 2152 siue

609 2185 737 2254 malum
774 2184 939 2270 receptury‘
980 2193 1014 2251 et
1057 2183 1287 2269 unusquisque
1325 2183 1494 2268 propriam
1539 2183 1744 2269 adipiscetur
1777 2190 1965 2256 mercedem

609 2292 794 2357 secundum
818 2289 966 2356 laborem
990 2310 1089 2356 suum
1113 2289 1241 2356 Volens
1264 2287 1366 2374 igitur
1388 2287 1477 2356 diem
1500 2291 1640 2375 extremj
1665 2290 1785 2377 Iudicij
1809 2291 1965 2377 operibus

609 2393 837 2462 misericordie
866 2391 1042 2478 preuenire
1073 2391 1129 2458 Sic
1159 2400 1196 2458 vt
1234 2390 1402 2458 seminata
1439 2391 1474 2456 in
1511 2391 1609 2458 terris
1646 2393 1824 2479 multiplicj
1855 2395 1966 2462 fructu

609 2497 766 2582 colligere
788 2495 963 2563 valeamus
985 2493 1020 2560 in
1043 2493 1125 2561 celis
1153 2491 1422 2562 NOUERITIS
1449 2515 1504 2559 me
1531 2493 1641 2579 Igitur
1664 2493 1698 2560 in
1725 2495 1887 2562 honorem
1912 2497 1964 2582 dej

608 2597 851 2686 omnipotentis
867 2596 1012 2682 gloriose
1026 2595 1165 2682 virginis
1189 2595 1293 2662 marie
1316 2593 1534 2680 omniumque
1549 2595 1685 2662 celestis
1707 2597 1798 2664 curie
1821 2598 1964 2666 sciolum

608 2725 669 2791 pro
696 2703 806 2770 salute
832 2701 945 2768 anime
968 2721 1042 2768 mee
1065 2709 1243 2786 parentum
1267 2708 1300 2766 et
1324 2699 1574 2766 benefactorum
1598 2721 1748 2768 meorum
1772 2712 1806 2769 et
1832 2703 1965 2770 illorum

607 2809 758 2879 omnium
775 2811 804 2876 Α
820 2807 943 2894 quibus
957 2805 1071 2892 aliqua
1086 2806 1174 2872 bona
1192 2805 1286 2872 Iuste
1309 2815 1367 2872 aut
1392 2804 1522 2874 Iniuste
1545 2805 1646 2891 habuj
1664 2827 1795 2874 necnon
1814 2808 1965 2876 omnium

606 2915 757 2982 lidelium
783 2889 1018 2982 diiunctorum
1045 2909 1178 2978 dedisse
1204 2909 1413 2977 concessisse
1439 2919 1473 2978 et
1499 2909 1534 2976 in
1561 2931 1680 2996 puram
1707 2921 1741 2979 et
1767 2923 1964 2999 perpetuam

607 3019 858 3104 eleemosynam
889 3019 1035 3084 donasse
1065 3025 1099 3084 et
1129 3015 1322 3102 assignasse
1348 3037 1480 3084 necnon
1506 3026 1622 3084 tenore
1648 3018 1856 3104 presentium
1886 3021 1965 3087 dare

608 3126 792 3192 concedere
807 3133 841 3190 et
856 3123 891 3188 in
907 3143 1027 3208 puram
1043 3131 1077 3190 et
1089 3131 1286 3208 perpetuam
1299 3122 1548 3208 eleemosynam
1561 3125 1706 3190 donasse
1721 3133 1754 3190 et
1770 3124 1963 3210 assignasse

608 3253 648 3298 ac
665 3231 758 3317 ipsas
772 3227 989 3296 donationem
1001 3226 1256 3294 concessionem
1272 3235 1305 3294 et
1321 3226 1586 3313 assignationem
1602 3227 1667 3296 hac
1683 3229 1830 3316 presentj
1844 3229 1963 3298 charta

608 3356 685 3402 mea
714 3335 933 3402 confirmasse
963 3331 1118 3400 discretis
1148 3331 1228 3398 viris
1258 3341 1375 3400 curato
1412 3341 1445 3400 et
1475 3333 1661 3419 capellanis
1690 3335 1783 3420 chorj
1821 3335 1962 3405 ecclesie

605 3439 810 3526 parochialis
832 3438 921 3524 beatj
949 3437 1083 3524 nicolaij
1109 3439 1151 3504 de
1174 3437 1331 3505 abirdene
1353 3447 1387 3504 et
1411 3437 1481 3506 suis
1504 3439 1755 3507 successoribus
1776 3440 1962 3527 capellanis

605 3545 685 3632 dictj
711 3545 804 3632 chorj
828 3554 939 3612 totum
955 3543 1172 3630 etintegrum
1195 3565 1300 3611 vnum
1323 3563 1473 3612 annuum
1497 3544 1664 3612 redditum
1682 3544 1862 3630 vigintisex
1884 3545 1961 3612 soli·

605 3655 724 3722 dorum
754 3661 788 3720 et
818 3661 895 3719 octo
932 3650 1145 3719 denariorum
1179 3649 1308 3716 usualis
1344 3659 1479 3718 monete
1515 3651 1608 3736 regnj
1643 3649 1748 3718 scotie
1784 3649 1960 3717 annuatim

605 3758 787 3826 leuandum
814 3765 848 3823 et
874 3755 1126 3843 percipiendum
1154 3757 1196 3822 de
1219 3763 1293 3822 tota
1315 3763 1348 3822 et
1371 3754 1503 3844 integra
1525 3763 1615 3822 terra
1637 3775 1714 3822 mea
1737 3753 1904 3822 anteriore
1927 3763 1961 3822 et

605 3865 703 3932 horto
726 3861 877 3931 eiusdem
901 3883 979 3928 cum
1002 3861 1073 3928 suis
1095 3859 1307 3946 pertinentiis
1334 3861 1472 3928 Iacente
1498 3859 1584 3928 inira
1609 3860 1737 3928 dictum
1760 3861 1903 3946 burgum
1927 3859 1961 3926 in

604 3967 680 4036 vico
706 3967 860 4036 inferiore
886 3966 1027 4035 ecclesie
1057 3966 1139 4053 dictj
1163 3965 1260 4054 burgj
1293 3965 1381 4034 inter
1405 3975 1530 4034 terram
1556 3965 1679 4034 roberti
1704 3987 1787 4052 gray
1810 3987 1851 4032 ex
1877 3965 1963 4032 occi·

605 4073 732 4159 dentalj
750 4095 791 4142 ex
811 4093 879 4140 vna
901 4082 1026 4140 terram
1049 4071 1168 4140 altaris
1186 4071 1259 4140 siue
1281 4071 1469 4158 capellanie
1492 4072 1589 4138 beate
1612 4073 1751 4140 barbare
1766 4070 1906 4156 virginis
1921 4091 1962 4138 ex

606 4177 760 4263 orientali
788 4176 940 4263 partibus
963 4177 1006 4246 ab
1028 4177 1136 4244 altera
1162 4197 1377 4244 communem
1399 4175 1489 4242 viam
1514 4175 1641 4260 regiam
1663 4197 1781 4242 versus
1807 4185 1960 4243 austrum

608 4292 641 4350 et
671 4281 807 4348 hortum
837 4283 1007 4367 quondam
1037 4281 1171 4368 patricij
1202 4283 1266 4349 vod
1296 4303 1414 4348 versus
1447 4282 1582 4348 boream
1615 4279 1895 4350 TENENDUM
1926 4290 1959 4348 et

609 4387 802 4454 habendum
831 4393 942 4452 totum
972 4395 1005 4452 et
1036 4385 1204 4472 integrum
1241 4386 1369 4454 dictum
1403 4407 1554 4452 annuum
1584 4385 1752 4454 redditum
1781 4385 1961 4471 vigintisex

610 4491 793 4558 solidorum
816 4500 850 4558 et
872 4500 950 4560 octo
972 4491 1184 4560 denariorum
1208 4503 1342 4560 monete
1364 4492 1534 4560 antedicte
1556 4513 1634 4559 cum
1658 4492 1728 4558 suis
1750 4490 1961 4578 pertinentiis

610 4595 749 4682 prefatis
763 4605 881 4664 curato
896 4605 929 4663 et
945 4597 1129 4684 capellanis
1143 4608 1177 4665 et
1193 4619 1309 4666 eorum
1325 4599 1575 4666 successoribus
1593 4597 1777 4683 capellanis
1792 4595 1963 4683 perpetuis
