4472 5992
436 691 560 756 Littera
575 691 770 777 mamonis
792 691 986 758 Rudinum
1007 693 1118 759 altaris
1141 693 1251 760 Seruii
1276 693 1440 782 Cn'stofori
1580 713 1622 782 49

262 860 439 930 annuatim
462 863 505 930 de
526 864 673 948 quadam
699 871 789 932 terra
816 865 954 932 Iacente
979 865 1014 932 in
1041 867 1159 934 eodem
1181 866 1257 936 vico
1280 889 1320 936 ex
1342 867 1498 956 orientalj
1525 880 1622 956 parte

262 965 413 1035 eiusdem
438 966 504 1054 vicj
530 967 620 1036 inter
643 977 769 1036 terram
795 969 977 1056 Alexandri
1007 971 1208 1056 goldsmitht
1238 993 1279 1040 ex
1308 973 1433 1042 boreali
1462 984 1558 1060 parte
1587 983 1621 1044 et

260 1082 385 1140 terram
401 1081 578 1160 paternam
595 1073 758 1142 Iohannis
769 1075 910 1142 Walcar
924 1097 965 1144 ex
980 1076 1121 1144 australi
1137 1085 1233 1162 parte
1248 1086 1282 1144 et
1298 1097 1514 1146 communem
1529 1077 1620 1146 viam

261 1177 389 1264 regiam
415 1201 533 1248 versus
558 1179 670 1248 oriens
696 1189 730 1246 et
755 1180 914 1248 occidens
941 1183 1028 1248 Item
1055 1182 1097 1248 de
1122 1201 1189 1249 vno
1219 1201 1333 1250 annuo
1363 1183 1512 1252 Redditu
1543 1193 1621 1250 octo

262 1283 446 1352 solidorum
472 1293 617 1350 exeunte
642 1283 818 1352 annuatim
845 1293 879 1352 et
906 1285 1051 1353 leuando
1073 1287 1116 1352 de
1138 1286 1285 1371 quadam
1307 1296 1397 1356 terra
1424 1289 1562 1356 Iacente
1584 1287 1646 1354 in·

262 1388 353 1456 dicto
368 1389 443 1458 vico
457 1387 627 1458 lurcamm
643 1387 732 1456 inter
745 1399 870 1458 terram
888 1389 1003 1458 Iacobi
1018 1391 1060 1458 de
1078 1389 1199 1458 Kintor
1214 1399 1248 1458 et
1264 1391 1376 1460 vxoris
1391 1413 1451 1459 sue
1467 1413 1507 1460 ex
1523 1387 1619 1479 parte

261 1493 402 1562 australi
417 1503 451 1562 et
466 1501 591 1562 terram
614 1493 791 1562 michaelis
812 1495 1003 1580 blakluggis
1024 1515 1065 1562 err
1087 1504 1184 1580 parte
1200 1496 1324 1564 boreali
1347 1503 1381 1564 et
1403 1517 1619 1564 communem

260 1597 350 1666 viam
371 1597 514 1684 Regiam
528 1619 648 1666 versus
669 1597 781 1666 oriens
802 1607 836 1666 et
859 1600 891 1666 le
913 1609 1060 1685 gastraw
1073 1621 1192 1668 versus
1211 1599 1369 1669 occidens
1392 1604 1480 1670 Item
1496 1604 1538 1671 de
1552 1623 1619 1670 vno
1640 1615 1787 1698 noento·

261 1723 375 1772 annuo
398 1703 546 1772 Redditu
568 1703 688 1790 vigintj
716 1703 899 1772 solidorum
922 1707 964 1774 de
985 1715 1076 1774 terra
1099 1705 1180 1791 dictj
1206 1706 1370 1775 Iohannis
1396 1707 1526 1794 Mathej
1554 1731 1619 1795 que
1641 1682 1841 1800 &mm

260 1806 323 1874 luit
348 1809 518 1893 quondam
544 1810 618 1876 Ade
642 1808 780 1876 Athens
806 1811 944 1878 Iacente
969 1810 1004 1876 in
1031 1811 1062 1877 le
1089 1811 1357 1898 Castailgaithcd
1383 1813 1471 1882 inter
1493 1823 1617 1883 terram

261 1915 432 1998 quondam
447 1913 613 1983 Willelrni
628 1913 775 2000 powtine
788 1935 831 1982 ex
845 1915 986 1984 australi
1001 1925 1096 2004 parte
1108 1926 1142 1984 et
1158 1937 1373 1986 communem
1384 1919 1475 1987 viam
1490 1919 1618 2006 regiam

260 2039 377 2088 versus
395 2021 531 2088 boream
547 2041 587 2088 ac
599 2029 723 2088 terram
736 2019 816 2106 dictj
832 2021 996 2088 Iohannis
1007 2022 1134 2106 mathej
1147 2043 1188 2088 ex
1200 2023 1318 2090 eadem
1334 2033 1431 2109 parte
1445 2033 1479 2092 et
1494 2033 1618 2094 terram

260 2125 426 2194 Willelmi
452 2127 645 2194 Adamsone
667 2147 785 2194 versus
806 2126 918 2194 oriens
943 2135 977 2194 et
1000 2149 1215 2196 communem
1237 2127 1327 2196 viam
1353 2130 1480 2216 regiam
1503 2151 1621 2198 versus

260 2228 418 2298 occidens
433 2231 509 2316 Ego
523 2251 602 2298 vero
617 2229 763 2298 balliuus
784 2231 977 2300 antedictus
995 2231 1106 2298 sciens
1129 2253 1226 2299 suam
1250 2233 1537 2320 supplicacionem
1551 2236 1621 2302 iore

261 2337 392 2402 Iustam
414 2345 447 2404 et
469 2334 612 2404 Raoioui
637 2337 832 2404 Consonam
855 2357 934 2404 cum
956 2335 1048 2404 dicto
1072 2335 1224 2404 Iohanne
1243 2338 1371 2424 mathej
1389 2340 1433 2406 ad
1447 2339 1621 2424 predictas

258 2451 367 2509 terras
392 2463 470 2510 curn
496 2441 641 2510 testibus
667 2441 845 2528 fidedignis
867 2442 1011 2509 libenter
1031 2441 1175 2528 transiuj
1202 2443 1249 2509 Et
1269 2443 1559 2529 resignacionibus
1584 2443 1620 2510 in

259 2547 417 2615 manibus
443 2547 528 2614 meis
553 2555 673 2634 sponte
695 2547 795 2614 iactis
821 2569 881 2634 per
905 2549 1050 2616 eundem
1079 2547 1267 2614 Iohannem
1295 2547 1425 2634 Mathej
1453 2549 1495 2615 de
1520 2547 1621 2614 dictis

259 2651 381 2720 annuis
403 2653 589 2721 redditibus
604 2675 682 2720 cum
699 2653 770 2721 suis
788 2651 1006 2739 pertinenciis
1021 2675 1081 2738 per
1095 2651 1247 2738 singulos
1269 2652 1425 2720 denarios
1441 2653 1483 2720 de
1498 2653 1619 2720 outtoll

258 2756 449 2844 impensum
473 2758 515 2824 de
537 2757 741 2844 supradictis
763 2757 886 2828 annuis
909 2759 1095 2826 redditibus
1116 2759 1207 2826 ioras
1231 2757 1342 2844 recepi
1364 2766 1398 2826 et
1421 2757 1561 2845 deposui
1584 2767 1618 2826 et

260 2861 421 2948 Receptis
443 2861 585 2948 singulis
611 2863 759 2951 denarijs
781 2865 823 2932 de
847 2864 950 2932 Intoll
973 2887 994 2932 a
1016 2863 1107 2932 dicto
1129 2863 1266 2932 domino
1294 2863 1448 2932 Iohanne
1473 2865 1619 2932 modane

257 2967 394 3034 nomine
414 2976 448 3036 et
468 2978 625 3055 exparte
647 2969 727 3056 dictj
752 2969 870 3038 altaris
890 2979 923 3038 et
944 2969 997 3037 sui
1017 2969 1124 3056 ipsius
1146 2968 1290 3056 impensi
1311 2969 1346 3036 in
1366 2969 1467 3038 dictis
1493 2969 1617 3038 annuis

255 3072 441 3141 redditibus
462 3093 541 3141 cum
567 3073 784 3160 pertinenciis
806 3075 951 3162 imposuj
975 3084 1009 3144 et
1034 3073 1155 3142 Induxi
1178 3074 1308 3161 sibique
1332 3084 1460 3144 statum
1484 3095 1617 3161 posses·

256 3177 385 3244 sionem
415 3187 449 3246 et
479 3177 629 3248 sasinam
659 3182 841 3248 eorundem
870 3179 992 3265 tradidj
1024 3189 1057 3248 et
1088 3201 1166 3248 cum
1200 3181 1321 3248 effectu
1355 3179 1537 3248 deliberaui
1567 3183 1617 3248 Ac

255 3284 398 3350 eundem
428 3281 614 3351 Dominum
642 3283 829 3352 Iohannem
856 3283 891 3350 in
918 3283 1018 3352 dictis
1047 3284 1171 3352 annuis
1199 3283 1385 3352 redditibus
1411 3305 1489 3352 cum
1516 3284 1616 3372 perti-

255 3385 385 3452 nenciis
414 3385 629 3471 singulariter
657 3395 691 3456 et
721 3387 756 3454 in
786 3387 929 3474 singulis
958 3389 1175 3474 corporaliter
1209 3387 1374 3474 Inuestiuj
1409 3389 1506 3456 saluo
1537 3391 1614 3454 Iure

255 3491 433 3558 cuiuslibet
457 3493 566 3578 Super
587 3493 709 3578 quibus
730 3494 887 3562 omnibus
909 3503 943 3561 et
966 3493 1109 3580 singulis
1134 3494 1284 3580 prelatus
1306 3493 1464 3562 dominus
1490 3493 1612 3560 Iohan-

254 3615 316 3662 nes
341 3597 488 3664 Modane
513 3597 577 3666 has
602 3619 696 3667 meas
721 3599 852 3668 litteras
877 3599 1123 3668 testimoniales
1149 3599 1213 3670 sibi
1234 3599 1306 3686 lierj
1333 3599 1431 3686 petijt
1457 3607 1613 3684 patentes

254 3721 339 3786 quas
364 3701 473 3770 eidem
501 3703 688 3772 Caritatiue
712 3705 864 3774 concessi
891 3705 1002 3792 sigillo
1031 3727 1108 3772 meo
1137 3705 1304 3791 sigillatas
1329 3706 1419 3790 apud
1445 3703 1612 3771 Abirdene

253 3805 385 3874 decimo
413 3817 535 3876 octauo
560 3809 616 3876 die
640 3811 768 3878 mensis
797 3811 997 3897 septembris
1022 3831 1112 3879 anno
1141 3809 1269 3878 domini
1301 3809 1482 3878 Millesimo
1507 3811 1611 3894 quad·

252 3911 494 3998 nogentesimo
516 3916 766 4002 septuagesimo
786 3917 852 3984 hiis
872 3917 1016 3985 testibus
1036 3917 1174 3986 matheo
1191 3917 1303 3984 iechat
1322 3915 1496 3986 Willelmo
1520 3915 1610 3982 Rab-

253 4037 335 4083 sone
349 4017 451 4085 dauid
465 4018 599 4086 farchar
620 4021 743 4089 Iacobo
763 4021 865 4090 Craik
884 4023 1019 4091 Andrea
1039 4043 1113 4090 mar
1132 4021 1302 4089 Richardo
1324 4021 1469 4089 modanc
1490 4018 1609 4086 thoma

233 4119 415 4210 ¹tailzeour
437 4123 588 4191 Iohamre
614 4133 683 4192 stot
709 4125 931 4212 burgensibus
953 4127 1090 4195 domino
1114 4127 1274 4195 Eduardo
1297 4123 1435 4211 Roberti
1461 4125 1609 4192 Roberto

251 4224 395 4312 gillespy
420 4227 529 4296 scriba
558 4229 730 4298 communi
760 4231 841 4317 dictj
872 4231 967 4318 bur.
995 4241 1029 4300 et
1057 4233 1225 4300 Duncano
1252 4230 1423 4300 Stralocht
1449 4250 1516 4297 vno
1541 4249 1608 4296 ser·

251 4331 457 4416 geandorum
479 4332 561 4419 dictj
585 4336 681 4422 burgj
705 4357 783 4404 cum
806 4335 924 4404 multis
945 4336 1022 4424 alijs

1630 4391 1831 4525 masidam

339 4542 426 4608 ltem
457 4541 625 4610 sexdecim
656 4543 781 4612 solidos
806 4553 840 4613 et
866 4553 943 4613 octo
974 4545 1129 4614 denarios
1158 4547 1200 4612 dc
1228 4553 1317 4612 terra
1347 4541 1448 4610 dauid
1478 4541 1605 4628 mathej
1629 4523 1807 4655 mandram

253 4647 391 4714 lucente
420 4646 455 4714 iu
481 4645 556 4716 vico
586 4649 697 4736 Castrj
728 4671 769 4718 ex
798 4651 939 4719 australi
969 4659 1064 4737 parte
1094 4650 1244 4718 eiusdem
1270 4649 1335 4736 vioj
1366 4649 1454 4716 inter
1481 4656 1606 4716 terram
1629 4605 1829 4726 mofflproue·

916 4755 940 4808 G
