4488 5996
416 3279 460 3331 sol.
476 3275 540 3330 105ι

1007 686 1132 754 Statura
1155 683 1191 750 de
1213 683 1441 798 capellaamrum
1462 681 1599 748 mortuo

1126 858 1322 926 Willelmus
1338 855 1571 923 abirdonensis

1126 964 1315 1031 Alexander
1333 961 1565 1030 abirdonensis

1127 1067 1291 1154 Magister
1316 1067 1453 1134 thomas
1478 1065 1648 1132 chawmer
1670 1073 1808 1131 curatus
1830 1064 1872 1129 de
1895 1063 1989 1128 aber⁴

628 1161 704 1246 ΕΕΟ
719 1155 871 1243 8³Wi¹¹¹¹⁸
889 1159 1093 1224 abesdfflless·
1282 1173 1366 1237 dene
1382 1191 1486 1237 manu
1502 1169 1637 1255 propria

628 1263 675 1329 ⁸5³
690 1261 868 1382 ePJSCOPus
884 1262 1031 1347 aPl’10b0
1131 1275 1296 1362 Magister
1317 1275 1419 1342 dauid
1443 1295 1578 1341 menzes
1601 1274 1643 1340 ad
1666 1271 1729 1338 hec
1752 1291 1812 1357 pro
1835 1279 1986 1356 tempore

629 1387 793 1455 Pf⁸m¹⁸⁸²
1280 1379 1431 1447 eiusdem
1447 1379 1574 1446 domini
1587 1375 1767 1444 Alexandri
1783 1377 1987 1443 aberdonen-

1283 1484 1359 1552 sis*
1380 1484 1633 1552 commissarius
1648 1482 1737 1549 idem
1754 1482 1959 1549 continuans

1131 1589 1289 1658 dominus
1304 1589 1405 1656 dauid
1421 1591 1550 1657 Wauss
1566 1590 1608 1655 ad
1624 1588 1686 1654 hec
1703 1607 1806 1654 manu
1822 1585 1956 1672 propria

1129 1695 1287 1763 dominus
1304 1696 1474 1762 Iohannes
1486 1697 1596 1763 Waus
1608 1695 1651 1761 ad
1663 1694 1726 1760 hec
1738 1713 1842 1760 manu
1854 1691 1988 1778 propria

1132 1799 1290 1866 dominus
1306 1799 1407 1866 dauid
1423 1799 1486 1866 leis
1501 1800 1543 1866 ad
1559 1800 1622 1865 hec
1638 1817 1742 1864 manu
1758 1795 1891 1882 propria

1131 1903 1288 1970 dominus
1327 1903 1497 1970 lohannes
1535 1923 1671 1987 murray
1701 1903 1743 1970 ad
1781 1902 1843 1968 hec
1884 1921 1988 1968 manu

1283 2007 1416 2092 propria

1133 2111 1291 2179 dominus
1308 2113 1479 2179 Iohannes
1493 2111 1559 2197 lyle
1575 2113 1618 2178 ad
1633 2111 1696 2177 hec
1712 2131 1815 2178 manu
1831 2109 1964 2196 propria

1135 2217 1300 2302 Magister
1316 2219 1348 2284 R
1364 2237 1507 2284 masoun
1522 2217 1565 2284 ad
1581 2216 1644 2282 hec
1659 2237 1763 2282 manu
1779 2215 1913 2301 propria

634 2339 710 2422 Ego
726 2335 917 2404 Vilhelmus
933 2337 1072 2424 Episco.
1133 2321 1291 2388 dominus
1306 2321 1442 2388 thomas
1457 2323 1568 2406 bynne
1583 2321 1626 2386 ad
1642 2319 1705 2385 hec
1720 2339 1824 2387 manu
1840 2317 1973 2406 propria

633 2465 697 2528 pus
713 2443 952 2510 aberd0nengis
966 2465 1024 2530 ap.
1134 2425 1292 2492 dominus
1307 2425 1486 2492 willelmus
1508 2445 1633 2509 couper
1648 2426 1691 2491 ad
1707 2425 1769 2490 hec
1792 2445 1895 2492 manu
1915 2445 1990 2510 pro·

633 2548 737 2633 probo
752 2546 916 2633 premissa
1284 2529 1357 2616 l)ria
1614 2621 1617 2628 ,

1135 2635 1292 2702 dominus
1304 2637 1456 2702 Andreas
1466 2655 1600 2720 cowper
1610 2635 1653 2699 ad
1665 2633 1728 2700 hec
1741 2653 1844 2700 manu
1856 2632 1989 2720 propria

1137 2739 1301 2827 Magister
1315 2740 1511 2808 Willelm'us
1526 2737 1719 2825 philipsoun
1733 2739 1786 2806 Ad
1801 2737 1864 2806 hec
1887 2757 1991 2805 manu

1286 2865 1419 2930 propna

631 1749 826 1820 Willelmus
840 1747 1019 1834 episcopus

632 1851 871 1922 aberdonensis
887 1853 1034 1938 approbo

631 1977 796 2044 premissa

637 3259 755 3324 Actum
769 3259 885 3326 decim
900 3268 1009 3346 murto
1023 3261 1073 3328 die
1087 3262 1199 3328 masis
1213 3263 1234 3328 1
1234 3263 1295 3348 1er
1309 3262 1407 3328 Anno
1425 3261 1546 3328 domini
1566 3260 1732 3326 millesimo
1753 3257 1994 3344 quingentesimo

1209 3367 1327 3432 Maro
1340 3387 1421 3432 nono

737 3502 802 3568 UO
815 3501 868 3567 die
881 3503 1099 3570 Reuerendus
1109 3503 1266 3570 dominus
1277 3501 1441 3588 Magister
1452 3501 1621 3568 Iohannes
1633 3499 1788 3584 dinguele
1799 3499 1888 3566 sedis
1898 3521 1994 3585 apos·

645 3501 729 3706 Q
778 3605 878 3672 tolice
900 3606 1175 3691 prothonotarius
1189 3607 1455 3674 Archidiaconus
1479 3604 1694 3672 cathenensis
1716 3614 1770 3670 etc
1785 3605 1834 3670 Ac
1849 3603 1995 3671 vicarius

640 3721 821 3796 perpetuus
851 3712 992 3778 ecclesie
1021 3713 1112 3779 beati
1142 3713 1275 3798 nicolaij
1304 3715 1345 3780 de
1372 3711 1509 3779 abirden
1531 3711 1649 3777 volens
1675 3731 1734 3795 per
1759 3707 1873 3775 omnia
1897 3718 1931 3774 et
1955 3730 1996 3774 ex

641 3811 770 3880 intimis
785 3815 947 3882 effectans
970 3826 1006 3882 ut
1030 3817 1181 3882 diuinum
1206 3817 1352 3884 officium
1376 3819 1418 3882 ad
1442 3815 1570 3882 cultum
1594 3815 1728 3882 laudem
1744 3811 1994 3880 venerationem

641 3925 675 3984 et
698 3918 860 3986 honorem
883 3919 1125 4006 omnipotentis
1147 3922 1201 3988 dei
1224 3929 1257 3988 et
1280 3921 1370 3989 beati
1393 3919 1526 4006 nicolaij
1544 3919 1633 3986 dicte
1651 3917 1792 3986 ecclesie
1810 3917 1943 4003 patronj
1960 3915 1995 3983 in

642 4022 716 4109 ipsa
731 4023 874 4090 ecclesia
890 4026 1011 4092 deuote
1023 4035 1056 4092 et
1069 4026 1246 4092 caritatiue
1269 4027 1457 4094 celebretur
1471 4037 1504 4092 et
1521 4035 1735 4112 presentetur
1749 4045 1789 4092 ac
1801 4023 1996 4091 desiderans

643 4125 775 4212 aliquos
790 4149 901 4195 mores
916 4129 1003 4197 inter
1017 4132 1211 4217 capellanos
1226 4142 1259 4198 et
1279 4131 1452 4200 ministros
1474 4131 1567 4199 chori
1591 4131 1718 4216 prefate
1741 4127 1882 4196 ecclesie
1897 4129 1996 4196 refor-

643 4233 728 4300 mari
751 4233 974 4302 venerabilem
998 4245 1031 4303 et
1055 4237 1226 4322 egregium
1242 4237 1350 4304 virum
1375 4235 1574 4324 magistrum
1590 4235 1817 4301 Alexandrum
1837 4233 1904 4318 hay
1918 4253 1996 4298 can·

643 4337 777 4404 unicum
812 4362 852 4406 ac
885 4341 1155 4409 commissarium
1192 4343 1382 4429 generalem
1418 4341 1674 4410 abirdonensem
1711 4337 1884 4404 humiliter
1919 4359 1997 4405 cum

645 4443 818 4510 Instancia
833 4445 1008 4530 requisiuit
1024 4457 1191 4532 quatenus
1208 4449 1286 4534 Ipse
1305 4447 1506 4515 auctoritate
1522 4445 1690 4514 ordinaria
1706 4445 1846 4530 quedem
1868 4451 1997 4510 statuta

752 4635 766 4662 '
780 4637 839 4688 Hoc
850 4653 944 4689 nomen
958 4645 974 4669 ¹·
982 4639 1120 4692 Alexandri
1132 4641 1315 4694 aberdonensis
1323 4643 1340 4669 ”
1351 4650 1443 4708 postea
1455 4641 1556 4708 abipso
1566 4639 1688 4707 episcopo
1699 4639 1822 4691 insertum
1833 4647 1881 4692 eet.
