4460 5984
582 683 649 751 204
844 669 966 736 Littera
989 691 1091 737 armate
1112 671 1274 738 Passionis
1289 672 1380 757 facta
1403 671 1581 759 Capelianis
1602 671 1689 738 chori

583 840 741 908 'tinenciis
768 843 897 926 prelato
919 844 1083 928 magistro
1105 845 1221 910 thome
1245 865 1380 911 menses
1402 845 1475 912 suis
1497 845 1675 912 heredibus
1700 855 1735 911 et
1761 843 1945 930 assignatis

583 942 725 1012 liberum
748 946 940 1012 Immunem
964 949 1010 1013 Et
1034 958 1251 1015 exoneratum
1268 950 1311 1015 ab
1327 949 1418 1033 omnj
1437 948 1503 1014 alio
1518 969 1632 1015 annuo
1646 949 1779 1016 redditu
1795 959 1828 1015 et
1844 969 1945 1016 onere

583 1048 722 1132 dempta
744 1051 878 1116 summa
901 1051 1129 1136 suprascripta
1146 1053 1187 1117 In
1202 1051 1360 1118 omnibus
1378 1061 1411 1118 et
1424 1073 1490 1137 per
1507 1053 1621 1119 omnia
1643 1053 1751 1120 forma
1771 1052 1897 1137 pariter
1911 1061 1945 1118 et

584 1151 705 1219 effectu
730 1163 766 1219 vt
792 1154 995 1240 premissum
1022 1165 1073 1222 est
1100 1167 1218 1224 contra
1244 1178 1363 1223 omnes
1393 1157 1553 1224 mortales
1578 1157 1866 1224 varantiaabimus
1891 1178 1945 1224 ac·

584 1256 811 1341 quietabimus
826 1269 859 1326 et
875 1259 1122 1347 imperpetuum
1134 1263 1353 1330 defendemus
1369 1263 1526 1330 omnibus
1541 1263 1618 1330 dolo
1631 1275 1664 1330 et
1676 1264 1792 1332 fraude
1805 1261 1947 1330 seclusis

586 1363 627 1427 In
650 1361 746 1428 cuius
770 1362 832 1447 Rej
857 1363 1090 1432 testimonium
1113 1366 1192 1433 huic
1216 1365 1364 1451 presenti
1387 1375 1481 1434 carte
1504 1387 1578 1432 mee
1602 1367 1847 1452 subscriptione
1870 1389 1947 1434 mea

585 1467 735 1551 manualj
753 1467 941 1553 subscripte
960 1467 1108 1554 sigillum
1127 1491 1241 1536 meum
1261 1470 1432 1555 proprium
1447 1491 1593 1537 unacum
1611 1469 1722 1556 sigillo
1740 1471 1947 1538 honorabilis

584 1568 645 1635 viri
669 1569 840 1655 alexandri
864 1571 1037 1657 ruyerlurd
1059 1572 1159 1640 vnius
1181 1572 1382 1640 balliuorum
1404 1573 1486 1640 dicti
1507 1573 1603 1658 burgj
1625 1595 1666 1641 ac
1687 1575 1814 1641 datoris
1835 1576 1947 1642 sasine

585 1682 619 1738 et
643 1673 866 1757 possessionis
888 1674 1082 1744 huiusmodi
1105 1677 1289 1763 tenementj
1312 1677 1465 1744 Aeetiam
1489 1677 1638 1763 sigillum
1661 1699 1842 1746 commune
1864 1679 1945 1764 dictj

586 1775 682 1861 burgj
714 1778 755 1843 de
785 1777 943 1844 abirdene
974 1789 1052 1846 sunt
1087 1800 1237 1865 appensa
1266 1782 1365 1866 Apud
1399 1781 1557 1848 abirdene
1587 1791 1707 1866 quarto
1737 1783 1790 1849 die
1820 1783 1948 1848 mensis

586 1881 734 1948 octobris
768 1903 857 1950 anno
895 1884 1020 1970 dominj
1052 1885 1232 1952 millesimo
1262 1886 1533 1972 quingentesimo
1570 1887 1828 1973 quadragesimo
1857 1909 1948 1954 nono

585 2006 700 2052 corarn
727 1985 872 2054 testibus
898 1987 1150 2055 honorabilibus
1172 1989 1253 2055 viris
1278 1989 1442 2074 magistro
1468 1993 1601 2058 roberto
1631 1991 1799 2058 lumisden
1825 1993 1948 2059 dauide

586 2091 778 2156 andersoun
793 2091 922 2157 valtero
937 2091 1050 2158 cullan
1066 2093 1167 2160 dauid
1183 2113 1257 2160 mar
1276 2092 1418 2178 gilberto
1442 2094 1609 2160 malisoun
1629 2096 1851 2180 burgensibus
1865 2095 1947 2163 dicti

587 2197 682 2280 bur·
700 2195 802 2263 dauid
820 2195 906 2263 Reid
922 2206 955 2263 ct
974 2197 1125 2264 Iohanne
1145 2200 1249 2265 Iunor
1272 2199 1475 2284 Sergeandis
1497 2200 1660 2286 magistro
1678 2203 1805 2267 Ioanne
1820 2201 1948 2267 nichol-

587 2319 673 2366 soun
689 2310 722 2367 et
739 2299 902 2386 magistro
919 2302 1046 2368 Ioanne
1062 2301 1216 2388 kennedy
1232 2302 1373 2368 notariis
1388 2302 1532 2388 publicis
1547 2324 1625 2371 cum
1642 2303 1785 2371 diuersis
1800 2304 1877 2390 alijs

719 2511 795 2576 Hec
824 2519 876 2576 est
906 2533 985 2578 vera
1015 2522 1048 2578 et
1079 2509 1269 2579 indubitata
1299 2511 1397 2598 copia
1423 2513 1618 2600 principalis
1644 2523 1736 2580 carte
1761 2513 1949 2580 ieudifirme

717 2613 942 2682 collacionata
964 2637 1023 2701 per
1045 2639 1099 2684 me
1123 2618 1321 2703 magistrum
1345 2619 1533 2686 Iohannem
1556 2619 1756 2686 nicholsoun
1780 2619 1949 2686 notarium

718 2719 890 2804 publicum
910 2729 943 2787 et
959 2719 1105 2788 scribam
1122 2743 1336 2788 communem
1354 2721 1448 2808 burgi
1464 2723 1505 2790 de
1521 2722 1679 2790 abirdene
1695 2723 1779 2789 nihil
1795 2725 1949 2791 addendo

717 2833 778 2890 aut
793 2823 1011 2891 diminuendo
1027 2827 1116 2910 quod
1131 2826 1212 2892 lacti
1228 2827 1455 2894 substantiam
1468 2837 1601 2895 mutare
1613 2849 1673 2895 seu
1683 2828 1813 2896 variare
1826 2829 1949 2914 poterit

718 2929 777 2994 sed
800 2929 1010 2995 concordans
1032 2951 1110 2995 cum
1134 2951 1196 2996 suo
1219 2929 1396 3016 principali
1417 2930 1571 3016 originali
1586 2933 1628 2998 de
1643 2933 1744 2998 verbo
1759 2931 1794 2998 in
1809 2933 1949 2999 verbum

718 3041 806 3098 teste
821 3031 886 3098 hac
902 3053 978 3099 mea
994 3032 1241 3118 subscriptione
1256 3034 1405 3118 manualj

808 3137 862 3202 Ita
885 3145 937 3202 est
961 3135 1126 3222 Magister
1149 3137 1320 3203 Iohannes
1340 3136 1540 3203 nicholsoun
1563 3137 1715 3204 notarius
1738 3137 1894 3222 publicus
1916 3149 1950 3206 et

893 3239 1004 3306 scriba
1015 3239 1206 3306 communis
1220 3239 1316 3324 burgi
1332 3241 1373 3306 de
1389 3239 1547 3306 abirdene
1563 3242 1605 3307 ad
1622 3242 1684 3307 hec
1697 3261 1801 3308 manu
1816 3242 1950 3327 propria

1222 3500 1321 3568 CIII.

589 3641 714 3708 Littera
733 3661 835 3706 onam
849 3639 1012 3706 Paratianis
1030 3659 1082 3706 sex
1101 3661 1281 3706 marcarum
1293 3641 1384 3726 sacta
1399 3641 1578 3726 Capelianis
1598 3641 1684 3708 chori
1702 3641 1821 3708 wabrie
1841 3643 1952 3709 Sancti

719 3745 755 3810 N
756 3743 886 3828 icholaij
899 3743 990 3808 buius
1007 3743 1098 3828 burgj
1110 3749 1168 3829 per
1181 3743 1376 3830 Propositum
1390 3745 1537 3812 Baiiiuos
1555 3745 1690 3814 amulas
1704 3752 1733 3812 et
1747 3748 1950 3813 communito·

720 3855 780 3914 tem
799 3847 933 3914 eirudcm
947 3847 984 3912 dr
998 3847 1190 3913 Molendinis
1207 3849 1228 3912 I
1228 3847 1385 3934 rrsticiarij
1394 3854 1454 3934 pro
1472 3849 1674 3918 celebratione
1689 3857 1718 3916 rt
1732 3851 1951 3918 muntamom

719 3952 810 4018 misse
823 3951 958 4039 corporis
973 3951 1094 4020 Christi
1108 3953 1195 4020 omri
1206 3952 1293 4038 feria
1307 3953 1440 4020 sauata
1448 3960 1506 4042 per
1519 3955 1615 4022 dictos
1630 3955 1802 4043 capellanos

669 4089 701 4156 E
717 4089 750 4156 It
766 4091 854 4156 kend
870 4089 929 4158 tile
949 4091 994 4158 all
1016 4111 1093 4158 men
1109 4091 1150 4159 be
1170 4090 1239 4158 thir
1258 4102 1393 4177 present
1414 4092 1532 4160 lettres
1549 4095 1615 4162 Ws
1635 4093 1790 4162 Prouoist
1813 4093 1951 4163 bailzeis

711 4193 886 4263 Counsaill
913 4198 979 4263 and
1006 4195 1213 4264 communite
1239 4196 1276 4262 ol
1300 4197 1360 4264 the
1390 4199 1497 4285 burgh
1525 4199 1562 4266 oi
1588 4199 1746 4267 abirdene
1772 4200 1855 4267 with
1886 4221 1951 4267 ane

588 4305 730 4365 consent
758 4299 825 4364 and
851 4307 966 4364 assent
992 4299 1045 4366 To
1071 4299 1160 4366 haue
1186 4298 1328 4385 assignit
1359 4301 1485 4386 grantit
1512 4304 1578 4369 and
1605 4303 1704 4388 gevin
1731 4306 1807 4371 And
1834 4306 1875 4371 be
1900 4303 1952 4390 yir

588 4412 724 4488 present
742 4401 860 4467 lettres
879 4401 1024 4488 assignis
1048 4402 1178 4488 grantis
1196 4402 1264 4470 and
1281 4401 1370 4489 giffis
1391 4403 1450 4472 tile
1474 4427 1536 4472 our
1553 4407 1651 4473 traist
1670 4407 1837 4474 oratouris
1855 4417 1951 4474 curat

588 4507 656 4572 and
677 4505 855 4591 chaplanis
873 4507 910 4572 ol
926 4527 988 4574 our
1006 4506 1115 4592 pariss
1135 4506 1210 4573 kirlr
1227 4507 1264 4574 ol
1279 4529 1321 4594 ye
1342 4509 1415 4576 said
1436 4511 1543 4595 burgh
1564 4512 1668 4578 aucht
1690 4511 1815 4579 markis
1835 4513 1952 4579 usuale

587 4629 713 4695 money
727 4609 764 4676 oi
781 4609 935 4677 scotland
950 4610 987 4676 oi
1003 4611 1061 4678 the
1081 4610 1204 4678 iermes
1223 4613 1289 4678 and
1308 4611 1407 4678 malis
1423 4612 1460 4678 oi
1478 4633 1540 4680 our
1563 4614 1689 4682 Iustice
1710 4615 1825 4702 myllis
1839 4615 1876 4682 ol
1892 4615 1952 4682 the
