4490 5990
634 687 695 752 132
1003 667 1164 736 Fundatio
1184 668 1338 756 Magistri
1359 669 1474 736 Dauid
1494 689 1612 737 moraes

631 849 760 930 quanto
782 843 871 928 quod
893 843 988 911 Idem
1012 840 1174 930 magister
1197 839 1299 910 dauid
1320 839 1471 910 Menzeis
1492 841 1585 910 dedit
1606 839 1704 912 nobis
1725 850 1760 910 et
1784 839 1819 910 iu
1845 841 1989 930 pecunia

631 956 810 1016 numerata
824 945 1023 1018 deliberauit
1038 947 1073 1016 in
1089 969 1209 1034 puram
1231 947 1457 1016 Elimosinam
1476 949 1520 1017 ad
1535 957 1687 1016 nostram
1702 957 1737 1014 et
1752 967 1987 1016 successorum

631 1060 824 1122 nostrorum
848 1051 1132 1123 sustentationem
1155 1051 1283 1140 vigenti
1308 1073 1411 1122 unam
1437 1053 1542 1122 libras
1563 1053 1607 1122 ad
1630 1061 1782 1122 nostram
1805 1051 1988 1120 utilitatem

630 1181 711 1246 ymo
736 1167 771 1228 et
796 1167 989 1229 nostrorum
1015 1181 1249 1229 successomm
1275 1161 1318 1229 ad
1340 1161 1585 1228 construendas
1607 1159 1814 1246 reparandas
1838 1168 1872 1227 et
1897 1157 1989 1228 edili·

631 1267 759 1335 candas
778 1276 913 1336 nostras
932 1268 1054 1336 domus
1073 1286 1271 1336 communes
1291 1267 1338 1334 Et
1358 1265 1516 1354 precipue
1538 1265 1621 1335 illud
1641 1273 1796 1334 nostrum
1818 1274 1989 1334 tenemen-

631 1379 706 1442 tum
733 1375 907 1444 Iaeeutem
926 1373 962 1443 iu
981 1373 1057 1443 vico
1077 1372 1226 1444 Nauium
1249 1373 1338 1444 inter
1358 1382 1484 1444 terram
1504 1373 1620 1444 thome
1640 1371 1780 1442 chamer
1800 1393 1842 1441 ex
1863 1369 1989 1442 boreali

631 1501 673 1548 ex
697 1499 765 1550 vna
793 1489 919 1550 terram
948 1481 1111 1550 heredum
1144 1481 1315 1568 quondam
1345 1481 1462 1549 thome
1491 1489 1567 1568 prat
1597 1501 1638 1547 ex
1667 1477 1808 1548 australi
1821 1477 1991 1566 partibus

632 1585 676 1654 ab
706 1585 814 1656 altera
843 1605 1060 1656 communem
1088 1585 1180 1654 viam
1209 1583 1338 1672 regium
1367 1607 1486 1654 versus
1518 1583 1631 1653 oriens
1662 1593 1697 1652 et
1731 1592 1882 1652 montem
1912 1583 1990 1652 diue

631 1689 807 1762 catherine
831 1689 972 1778 virginis
996 1713 1114 1760 versus
1142 1689 1301 1758 occidens
1330 1691 1377 1759 Et
1407 1691 1450 1759 ad
1476 1689 1542 1758 hoc
1565 1688 1757 1758 iaciendum
1784 1697 1818 1758 et
1848 1689 1892 1758 ad
1918 1709 1990 1776 pre·

632 1795 775 1866 missum
798 1818 858 1885 per
879 1817 942 1866 nos
961 1807 996 1867 et
1014 1807 1148 1868 nostros
1166 1817 1378 1866 successores
1399 1793 1637 1866 iuviolabiliter
1652 1794 1723 1864 iore
1741 1795 1990 1864 obseruandum

632 1905 695 1972 sub
724 1901 850 1972 nostris
878 1903 1098 1992 cyrographis
1112 1911 1161 1972 ·et
1191 1901 1398 1972 notariomm
1428 1900 1535 1971 nostri
1563 1899 1681 1990 gremij
1714 1897 1898 1988 signaturis
1927 1899 1990 1968 sub

631 2009 800 2096 ypotheca
829 2009 982 2080 omnium
1012 2013 1176 2082 bonorum
1205 2019 1398 2078 nostrorum
1428 2017 1462 2077 et
1492 2027 1727 2077 successorum
1757 2001 1989 2076 communium

593 2159 598 2168 ·
631 2112 839 2201 presentium
854 2123 889 2184 et
902 2115 1091 2185 futurorum
1103 2116 1145 2186 de
1156 2113 1308 2184 vnanimi
1319 2133 1487 2182 consensu
1502 2109 1714 2182 decernimus
1729 2119 1763 2179 et
1778 2107 1990 2178 decreuimus

630 2241 692 2307 per
719 2229 894 2308 presentes
922 2225 1010 2292 Acta
1039 2230 1137 2292 erant
1166 2223 1229 2290 hec
1258 2219 1294 2290 in
1326 2221 1402 2290 loco
1434 2217 1612 2308 capitulari
1640 2215 1793 2288 unanimi
1821 2237 1989 2286 consensu

629 2325 772 2396 fratrum
787 2325 823 2396 in
837 2329 956 2396 eodem
971 2349 1094 2416 corpus
1109 2325 1249 2415 capituli
1267 2325 1536 2415 presentautium
1558 2327 1602 2396 ad
1624 2324 1689 2393 hoc
1704 2321 1897 2412 specialiter
1910 2343 1990 2392 cou-

629 2441 845 2520 gregstorum
867 2432 903 2501 iu
924 2432 1041 2522 vigilia
1062 2433 1255 2504 natiuitatis
1277 2431 1445 2504 dominice
1465 2430 1628 2502 vicesima
1650 2438 1772 2518 quarta
1793 2427 1848 2498 die
1863 2425 1991 2496 mensis

631 2537 832 2608 Decembris
853 2541 952 2608 Anno
974 2538 1103 2609 domini
1125 2537 1306 2608 millesimo
1329 2535 1600 2628 quingentesimo
1622 2533 1784 2606 vicesimo
1807 2529 1991 2602 indictione

630 2663 721 2712 noua
736 2641 941 2732 sanctissimj
959 2643 994 2714 in
1010 2643 1147 2716 Christo
1167 2643 1274 2733 patris
1296 2665 1337 2714 ac
1359 2641 1488 2715 domiui
1510 2637 1639 2713 domini
1660 2637 1767 2709 nostri
1783 2635 1891 2706 leouis
1905 2659 1992 2724 pape

631 2747 752 2837 decimj
770 2769 860 2818 anno
876 2758 998 2818 octauo

805 2905 970 2993 Magister
984 2905 1120 2976 thomas
1135 2906 1305 2976 chawmer
1320 2914 1460 2975 curatus
1474 2906 1516 2974 de
1527 2905 1703 2974 Aberdene
1719 2921 1823 2970 manu
1839 2895 1973 2987 propriu

803 3009 962 3082 dominus
975 3012 1130 3082 Andreas
1144 3012 1223 3100 culp
1238 3032 1342 3081 mauu
1357 3009 1504 3098 propria,

804 3116 963 3186 dominus
979 3117 1149 3186 Iohannes
1164 3119 1276 3188 Waus
1291 3139 1396 3188 manu
1410 3115 1545 3206 propria

803 3219 962 3290 dominus
978 3219 1091 3290 Dauid
1106 3223 1217 3290 Waus
1232 3243 1336 3290 mauu
1351 3219 1486 3310 propria

803 3324 962 3396 domiuus
977 3326 1149 3396 Iohannes
1162 3326 1213 3414 lyi
1225 3347 1330 3398 manu
1344 3323 1480 3416 propria

804 3429 963 3500 dominus
977 3429 1080 3500 dauid
1095 3431 1158 3499 leis
1173 3452 1277 3500 manu
1291 3429 1427 3520 propria

803 3533 962 3606 dominus
977 3535 1148 3605 Iohannes
1163 3557 1298 3624 murray
1313 3557 1417 3606 manu
1432 3531 1566 3622 propria

806 3638 968 3728 magister
981 3641 1136 3710 robertus
1150 3661 1269 3730 margy
1283 3662 1387 3710 manu
1403 3637 1537 3728 propria

804 3743 963 3814 dominus
976 3745 1185 3816 Wilhelmus
1199 3747 1342 3834 Cowper
1357 3766 1461 3814 mauu
1476 3742 1610 3830 propria

805 3847 963 3918 dominus
979 3847 1094 3918 Dauid
1110 3849 1309 3938 Medyltoun
1324 3870 1428 3919 mauu
1444 3845 1577 3938 propris

805 3952 964 4024 dominus
977 3955 1116 4026 thomas
1129 3955 1324 4044 vxmintage
1339 3975 1443 4026 manu
1457 3949 1593 4042 propria

806 4057 964 4128 dominus
980 4060 1152 4130 Iohannes
1166 4059 1237 4130 reid

807 4163 969 4252 magister
983 4164 1086 4236 dauid
1102 4161 1365 4234 Menaeisexilis
1379 4163 1538 4232 fundator
1552 4181 1656 4230 mauu
1671 4155 1806 4248 propria

894 4279 928 4338 et
945 4271 986 4338 In
1001 4269 1153 4340 omnium
1169 4269 1319 4340 fidelium
1335 4269 1569 4338 detunctorum
1585 4277 1619 4335 et
1665 4311 1895 4333 .....

765 4419 812 4488 Et
838 4441 901 4507 ego
926 4421 1029 4490 dauid
1055 4421 1252 4492 nicholsone
1279 4443 1376 4492 sacra
1401 4419 1589 4509 apostolica
1614 4415 1818 4488 auctoritate
1843 4413 1996 4484 notarius

764 4525 920 4612 publicus
952 4525 1171 4613 eiusdemque
1201 4525 1340 4613 capituli
1377 4527 1546 4594 confrater
1578 4522 1707 4593 domini
1737 4522 1801 4590 hec
1830 4519 1997 4607 obligatio

765 4629 1087 4719 compromissioque
1103 4629 1343 4720 peccuniamm
1359 4631 1456 4702 dacio
1471 4641 1506 4700 et
1521 4628 1669 4716 receptio
1690 4637 1868 4712 ceteraque
1883 4623 1998 4693 omnia
