4490 5990
541 613 622 732 124³
1025 644 1129 714 Curta,
1148 641 1246 710 mmo
1266 642 1420 710 olmumer

383 850 447 901 1⁵94
539 817 709 887 dimittere
732 815 905 904 Religioso
919 815 991 884 viro
1012 815 1106 884 fratri
1129 814 1284 883 richardo
1307 837 1443 902 murray
1458 813 1612 884 ministro
1634 817 1756 884 domus
1777 825 1895 884 sancte

317 899 519 1032 {gffiffi't‘i
538 920 703 990 trinitatis
724 919 806 988 dicti
829 919 925 1005 burgi
947 918 1072 988 Totam
1089 927 1123 986 et
1138 918 1306 1005 integram
1322 919 1415 987 illam
1436 928 1562 988 terram
1585 929 1738 988 nostram
1759 920 1895 1006 penitus

317 1033 432 1085 eadmer
539 1035 673 1094 vastam
692 1034 726 1093 et
744 1034 856 1092 ortum
880 1023 1030 1092 eiusdem
1054 1045 1132 1092 cum
1151 1023 1222 1092 suis
1244 1023 1461 1110 pertinenciis
1480 1025 1636 1092 iacentes
1658 1023 1744 1092 inira
1765 1023 1895 1093 dictum

539 1133 683 1218 burgum
706 1131 741 1198 in
758 1129 833 1198 vico
850 1128 947 1197 viridi
970 1151 1011 1196 ex
1034 1128 1152 1198 boriali
1175 1138 1271 1215 parte
1293 1129 1444 1198 eiusdem
1466 1129 1555 1198 inter
1575 1139 1702 1198 terram
1724 1133 1896 1216 quondam

541 1236 705 1306 Iohannis
719 1235 888 1304 malisoun
903 1257 944 1303 ex
958 1235 1113 1304 orientali
1125 1257 1166 1304 ex
1176 1256 1243 1304 vna
1255 1244 1290 1304 et
1304 1245 1429 1304 terram
1445 1237 1616 1322 quondam
1631 1237 1756 1304 andree
1767 1236 1897 1322 lamyn·

539 1351 623 1410 toun
638 1363 679 1411 ex
694 1341 895 1410 occidentali
917 1341 1070 1427 partibus
1085 1343 1128 1410 ab
1143 1341 1250 1410 altera
1274 1343 1498 1410 Communem
1514 1341 1606 1410 viam
1629 1341 1757 1428 regiam
1779 1361 1897 1409 versus

540 1457 693 1516 austrum
720 1457 754 1515 et
780 1467 996 1514 communem
1022 1445 1189 1514 venellam
1219 1467 1337 1514 versus
1366 1448 1502 1514 boream
1531 1445 1805 1514 TENENDAM
1833 1444 1897 1512 ET

542 1552 814 1620 HABENDAM
837 1559 946 1618 totam
970 1559 1003 1618 et
1026 1549 1194 1636 integram
1220 1549 1314 1618 illam
1340 1559 1466 1618 terram
1490 1559 1704 1637 prenotatam
1727 1559 1761 1618 et
1784 1559 1895 1617 ortum

540 1655 691 1725 eiusdem
715 1677 793 1724 cnm
816 1655 887 1723 suis
909 1653 1126 1743 pertinenciis
1151 1656 1282 1742 prelato
1308 1655 1463 1726 ministro
1489 1665 1523 1724 et
1550 1655 1629 1724 suis
1646 1657 1897 1724 successoribus

541 1759 706 1830 ministris
728 1759 810 1828 dicti
832 1762 953 1828 domus
976 1759 1010 1826 in
1032 1759 1132 1828 leudo
1155 1769 1189 1827 et
1215 1759 1403 1828 hereditate
1429 1759 1676 1847 imperpetuum
1703 1779 1781 1828 curn
1804 1759 1897 1828 omni

542 1869 621 1936 Iure
636 1877 669 1936 et
686 1865 776 1934 Iuris
798 1865 929 1934 clameo
949 1887 1027 1934 curn
1043 1865 1166 1934 debitis
1181 1865 1390 1953 longitudine
1405 1875 1439 1934 et
1455 1865 1633 1934 latitudine
1656 1887 1734 1934 cum
1756 1865 1898 1934 edificiis

540 1973 684 2057 desuper
712 1971 916 2038 constructis
945 1979 979 2038 et
1009 1971 1245 2040 construendis
1274 1992 1352 2038 cum
1382 1971 1550 2058 lapidibus
1574 1981 1608 2040 et
1632 1972 1726 2040 calce
1752 1993 1792 2040 ac
1818 1993 1896 2040 cum

538 2075 697 2144 omnibus
722 2084 756 2142 et
783 2075 926 2162 singulis
950 2074 1021 2144 suis
1050 2075 1150 2144 iustis
1179 2075 1395 2164 pertinenciis
1425 2077 1680 2164 quibuscunque
1703 2078 1746 2144 ad
1769 2077 1896 2145 dictam

539 2189 664 2248 terram
698 2179 930 2268 spectantibus
961 2203 1021 2248 seu
1055 2181 1143 2249 iuste
1177 2191 1329 2268 spectare
1358 2181 1550 2250 valentibus
1582 2183 1832 2269 quomodolibet
1862 2183 1897 2250 in

537 2287 688 2354 futurum
715 2287 809 2353 Adeo
835 2285 938 2354 libere
964 2286 1114 2373 plenarie
1143 2285 1273 2373 integre
1303 2287 1486 2355 honorilice
1515 2289 1599 2356 bene
1625 2297 1659 2355 et
1685 2288 1720 2356 in
1750 2309 1833 2374 pace
1862 2287 1897 2354 in

539 2391 697 2460 omnibus
712 2401 745 2458 et
761 2413 820 2478 per
834 2391 949 2460 omnia
972 2391 1059 2459 sicut
1076 2391 1189 2478 aliqua
1204 2403 1293 2461 terra
1316 2391 1402 2460 infra
1417 2393 1546 2460 dictum
1569 2393 1712 2479 burgum
1728 2403 1787 2460 aut
1803 2402 1898 2460 extra

538 2497 583 2564 ad
604 2495 828 2564 leudifinnam
844 2495 1026 2564 dimittitur
1040 2495 1113 2564 sine
1136 2497 1352 2566 reuocatione
1374 2496 1616 2565 reclamatione
1634 2507 1694 2565 aut
1710 2497 1896 2565 contradic·

538 2601 631 2668 tione
665 2599 802 2687 aliquali
837 2609 1029 2669 nostrorum
1064 2611 1255 2670 nostrorum
1287 2601 1359 2688 [stc]
1394 2623 1628 2671 successomm
1661 2613 1721 2672 aut
1753 2601 1896 2671 aliorum

540 2725 816 2793 quorumcunque
844 2704 999 2774 iaciendo
1025 2705 1103 2775 inde
1128 2706 1240 2774 dictus
1267 2705 1420 2775 minister
1441 2717 1475 2776 et
1502 2729 1714 2778 successores
1740 2729 1897 2795 supremo

539 2809 677 2877 domino
710 2819 827 2877 nostro
861 2809 932 2896 regi
962 2819 996 2878 et
1027 2811 1097 2878 suis
1132 2812 1384 2882 successoribus
1414 2811 1595 2881 seruicium
1627 2813 1826 2900 burgagium
1856 2816 1897 2882 de

537 2913 629 2983 dicta
649 2923 739 2982 terra
760 2913 910 2982 debitum
932 2924 966 2983 et
987 2925 1187 2984 consuetum
1202 2918 1252 2984 Ac
1272 2917 1442 2986 reddendo
1462 2917 1638 2986 annuatim
1659 2917 1757 2988 nobis
1774 2927 1808 2988 et
1823 2941 1897 2986 suc·

538 3017 728 3088 sessoribus
754 3018 881 3088 nostris
903 3017 1030 3106 vigenti
1055 3019 1181 3090 solidos
1205 3021 1333 3090 vsualis
1357 3032 1492 3091 monete
1515 3022 1621 3092 scotie
1643 3025 1687 3094 ad
1709 3025 1795 3093 duos
1816 3025 1896 3110 annj

538 3121 701 3192 terminos
718 3123 855 3193 vsuales
876 3123 1083 3212 penticostes
1105 3125 1262 3196 videlicet
1285 3135 1319 3195 et
1343 3127 1452 3196 sancti
1476 3127 1612 3216 martinj
1639 3127 1674 3196 in
1696 3129 1818 3217 hyeme
1840 3151 1899 3217 per

539 3229 676 3318 equales
698 3229 875 3318 porciones
894 3229 1031 3300 nornine
1049 3231 1237 3302 leudifirme
1256 3253 1297 3302 ac
1318 3232 1430 3302 eciam
1447 3233 1644 3304 condicione
1662 3235 1794 3324 adiecta
1809 3237 1898 3322 quod

539 3335 568 3404 si
591 3333 766 3422 contingat
789 3335 917 3404 dictum
941 3335 1133 3408 ministrum
1157 3361 1237 3408 suos
1257 3361 1470 3410 successores
1492 3350 1551 3410 aut
1574 3341 1660 3410 alios
1682 3362 1900 3429 quoscunque

540 3442 683 3510 eandem
709 3451 835 3510 terram
861 3443 1074 3530 possidentes
1099 3445 1241 3514 deficere
1263 3445 1299 3512 in
1322 3445 1494 3516 solucione
1516 3445 1597 3516 dicti
1621 3445 1724 3533 annuj
1748 3446 1900 3516 redditus

541 3567 602 3614 seu
626 3546 815 3616 leudilirme
837 3547 964 3636 vigenti
991 3549 1173 3619 solidorum
1197 3553 1240 3620 ad
1263 3551 1416 3637 spacium
1441 3551 1544 3621 trium
1570 3552 1790 3621 terminorum
1817 3551 1901 3638 ipsis

541 3661 658 3721 tamen
690 3651 862 3740 requisitis
891 3663 925 3722 et
955 3655 1095 3724 minime
1127 3655 1413 3727 satisfacientibus
1438 3668 1521 3726 tunc
1550 3657 1681 3727 licitum
1711 3657 1774 3726 erit
1804 3658 1901 3728 nobis

543 3767 577 3826 et
600 3759 851 3828 successoribus
873 3760 998 3830 nostris
1020 3761 1148 3832 curatis
1167 3772 1202 3830 et
1224 3763 1410 3850 capellanis
1432 3763 1526 3833 chori
1548 3762 1689 3852 predicti
1712 3762 1899 3832 addictam

543 3874 695 3933 nostram
725 3873 850 3934 terram
882 3889 960 3936 cum
993 3869 1211 3954 pertinenciis
1236 3871 1363 3956 absque
1393 3891 1593 3957 quocunque
1623 3868 1712 3938 Iuris
1741 3891 1901 3956 processu

544 3979 603 4038 aut
626 3968 769 4057 strepitu
793 3971 935 4040 liberum
960 3973 1083 4043 habere
1106 3975 1296 4062 ingressum
1319 3997 1387 4044 non
1410 3976 1625 4044 obstantibus
1646 3975 1902 4062 quibuscunque

543 4073 842 4144 constitutionibus
871 4087 905 4144 et
934 4078 1127 4164 oppositum
1157 4081 1293 4149 inoletis
1322 4091 1367 4150 et'
1385 4081 1520 4150 usitatis
1550 4091 1685 4150 tantum
1716 4101 1778 4168 pro
1808 4079 1902 4148 omni

543 4179 611 4248 alio
633 4179 777 4248 seruicio
802 4181 945 4250 seculari
967 4185 1143 4253 exactione
1169 4207 1230 4254 seu
1255 4187 1423 4256 demanda
1445 4208 1510 4274 que
1532 4187 1575 4255 de
1596 4185 1688 4254 dicta
1709 4195 1800 4254 terra
1823 4207 1901 4254 curn

543 4285 762 4372 pertinenciis
792 4285 985 4373 aliqualiter
1014 4289 1101 4376 exigi
1131 4290 1253 4378 poterit
1283 4301 1342 4361 aut
1373 4292 1495 4378 requirj
1530 4293 1577 4359 Et
1611 4313 1674 4360 nos
1703 4311 1783 4359 vero
1820 4289 1902 4359 dicti

545 4401 684 4460 curatus
705 4399 739 4458 et
762 4392 928 4478 capellanj
953 4402 987 4460 et
1014 4415 1227 4464 successores
1255 4395 1362 4464 nostri
1391 4405 1501 4464 totam
1525 4405 1559 4464 et
1583 4395 1750 4482 integram
1774 4393 1901 4463 dictam

544 4505 669 4563 terram
692 4503 726 4562 et
748 4505 860 4564 ortum
891 4497 1041 4567 eiusdem
1068 4521 1145 4567 cum
1175 4500 1393 4588 pertinenciis
1422 4501 1552 4586 prefato
1581 4500 1737 4568 ministro
1765 4509 1800 4568 et
1830 4499 1902 4568 suis

543 4599 797 4698 successoribus
819 4621 878 4686 per
897 4623 1016 4670 omnes
1038 4613 1145 4672 terras
1168 4617 1303 4674 nostras
1329 4617 1362 4673 et
1389 4607 1621 4692 possessiones
1644 4615 1761 4673 contra
1783 4625 1903 4673 omnes
