4472 5992
996 639 1093 710 Carto
1114 641 1268 728 Magistri
1289 641 1442 710 Draconi
1463 641 1597 712 Scbetar

1235 853 1351 918 XVII.

872 987 972 1056 carta
993 983 1146 1072 Magistri
1168 984 1320 1050 Dunconi
1342 983 1476 1050 Suberat
1497 983 1533 1050 dc
1554 983 1717 1052 banebarac

642 1126 644 1128 ’
708 1118 895 1188 MNIBUS
918 1115 1007 1182 hanc
1030 1115 1169 1182 Cartam
1195 1109 1318 1180 visuris
1343 1112 1396 1180 vel
1421 1112 1586 1180 audituris
1611 1113 1775 1199 Magister
1797 1117 1974 1186 duncanus

750 1223 888 1293 scherar
910 1219 1104 1290 canonicus
1126 1217 1377 1316 Aberdonensis
1399 1239 1438 1286 ac
1461 1227 1571 1286 rector
1590 1221 1630 1286 de
1654 1221 1722 1288 clat
1742 1222 1907 1292 Etemam
1932 1227 1972 1292 In

615 1331 752 1401 domino
762 1324 1088 1398 salutemNouen'tis
1098 1346 1152 1390 me
1161 1323 1307 1391 vtilitate
1317 1345 1393 1391 mea
1403 1323 1437 1390 in
1448 1324 1829 1412 hacpresentevndique
1838 1329 1972 1415 preuisa

614 1447 648 1506 et
663 1435 842 1522 diligenter
863 1432 1076 1500 considerata
1091 1429 1224 1497 dedisse
1240 1429 1447 1497 concessisse
1464 1432 1506 1498 ad
1521 1431 1743 1499 feodifirmam
1767 1433 1924 1504 diuisisse
1938 1445 1972 1506 et

615 1543 680 1612 hac
695 1539 843 1630 presenti
858 1548 952 1607 carta
969 1559 1045 1605 mea
1066 1535 1284 1603 confirmasse
1300 1537 1432 1602 Andree
1450 1537 1622 1603 Ranisone
1642 1537 1800 1607 allutario
1815 1541 1972 1626 burgensi

615 1653 657 1718 de
669 1650 843 1719 Aberdene
855 1655 963 1714 totam
980 1652 1013 1711 et
1028 1643 1195 1727 integram
1212 1641 1305 1708 illam
1317 1651 1443 1709 terram
1456 1663 1567 1710 meam
1580 1663 1657 1710 cum
1674 1643 1745 1710 suis
1757 1645 1973 1730 pertinenciis

617 1759 790 1826 lucentem
811 1751 896 1820 infra
917 1750 1045 1818 dictum
1066 1750 1208 1833 burgum
1232 1749 1273 1814 de
1293 1748 1469 1814 Aberdene
1492 1747 1526 1814 in
1546 1746 1622 1815 vico
1645 1748 1808 1834 superiori
1831 1749 1972 1818 ecclesie

616 1871 711 1930 extra
740 1867 873 1946 portam
904 1879 944 1924 ex
974 1853 1099 1924 boreali
1129 1862 1224 1938 parte
1254 1851 1404 1920 eiusdem
1434 1851 1500 1920 vici
1535 1853 1624 1920 inter
1655 1853 1815 1922 Riuolum
1846 1878 1867 1924 a
1896 1857 1972 1926 lacu

616 1967 884 2038 molendinorum
901 1960 981 2030 dicti
1002 1957 1099 2045 burgi
1121 1959 1338 2026 discendente
1357 1979 1397 2024 ex
1412 1957 1567 2026 orientali
1584 1968 1616 2025 et
1632 1968 1741 2028 terras
1755 1960 1872 2030 thome
1892 1962 1973 2030 mel·

616 2078 714 2145 drum
735 2081 768 2140 et
788 2072 921 2138 Andree
942 2065 1149 2134 michelsone
1165 2085 1205 2130 ex
1220 2063 1421 2131 occidentali
1442 2073 1475 2130 et
1497 2086 1712 2132 communem
1730 2065 1821 2134 viam
1845 2067 1972 2154 regiam

615 2201 734 2250 versus
754 2187 907 2248 austrum
923 2183 957 2242 et
972 2173 1084 2242 lacum
1100 2191 1218 2238 versus
1236 2171 1371 2238 boream
1387 2169 1586 2238 Tenendum
1605 2181 1639 2239 et
1658 2171 1849 2241 habendam
1865 2183 1972 2242 totam

617 2297 651 2356 et
679 2289 851 2370 Integram
876 2290 1001 2348 terram
1029 2297 1140 2344 meam
1168 2277 1374 2344 antedictam
1402 2298 1479 2344 cum
1507 2276 1578 2344 suis
1605 2277 1822 2364 pertinenciis
1844 2279 1974 2364 prelato

616 2393 750 2461 Andree
776 2387 955 2457 heredibus
981 2383 1052 2450 suis
1078 2391 1111 2450 et
1139 2381 1209 2449 suis
1235 2381 1418 2468 assignatis
1441 2405 1461 2449 a
1484 2405 1538 2450 me
1562 2393 1596 2450 et
1620 2383 1799 2452 heredibus
1822 2384 1907 2452 meis
1932 2387 1973 2452 de

616 2517 797 2584 suppremo
815 2491 952 2561 domino
975 2499 1090 2556 nostro
1110 2491 1203 2574 Rege
1221 2487 1256 2555 in
1274 2488 1371 2556 feodo
1389 2497 1423 2555 et
1441 2487 1628 2558 hereditate
1651 2511 1691 2556 ac
1714 2489 1748 2556 in
1772 2490 1875 2558 libero
1898 2492 1973 2560 bur·

616 2602 716 2689 gagio
732 2603 986 2686 Imperpetuum
1003 2615 1080 2662 cum
1096 2594 1189 2661 omni
1206 2597 1282 2661 Iure
1298 2603 1331 2660 et
1345 2593 1433 2661 Iuris
1448 2593 1579 2662 clameo
1594 2594 1629 2662 in
1641 2595 1753 2663 debita
1764 2596 1974 2681 longitudine

616 2703 651 2776 et
673 2704 853 2775 latitudine
875 2724 953 2772 cum
976 2699 1117 2770 edificiis
1140 2701 1283 2785 desuper
1305 2699 1508 2767 constructis
1526 2710 1559 2767 et
1575 2701 1809 2769 construendis
1832 2724 1871 2770 ac
1894 2724 1972 2770 cum

616 2813 773 2882 omnibus
795 2820 829 2879 et
852 2807 994 2894 singulis
1016 2805 1228 2874 libertatibus
1250 2805 1512 2873 comoditatibus
1534 2815 1568 2874 et
1590 2806 1789 2876 asiamentis
1811 2829 1852 2876 ac
1874 2807 1973 2876 iustis

617 2919 688 2988 suis
704 2915 920 3006 pertinenciis
935 2913 1189 2998 quibuscunque
1204 2913 1248 2979 ad
1264 2911 1389 2980 dictam
1405 2922 1530 2980 terram
1546 2934 1624 2980 cum
1641 2911 1857 3000 pertinenciis
1879 2935 1973 3001 spec·

616 3023 769 3093 tentibus
795 3043 855 3088 seu
881 3019 969 3087 iuste
992 3027 1145 3106 spectare
1167 3017 1357 3085 valentibus
1380 3019 1629 3103 quomodolibet
1647 3005 1690 3086 in
1714 3019 1864 3088 futurum
1888 3023 1972 3090 adeo

618 3131 720 3198 libere
742 3125 890 3215 plenarie
915 3127 1050 3210 Integre
1072 3123 1256 3191 honorifice
1282 3123 1366 3190 bene
1390 3124 1480 3192 etin
1504 3145 1587 3209 pace
1615 3126 1655 3192 ln
1678 3125 1835 3193 omnibus
1857 3136 1891 3195 et
1914 3149 1974 3212 per

617 3235 731 3304 omnia
759 3233 846 3302 sicut
869 3231 984 3316 aliqua
1007 3240 1096 3298 terra
1120 3229 1212 3296 Intra
1240 3228 1368 3296 dictum
1396 3231 1539 3316 burgum
1560 3232 1603 3298 ad
1623 3229 1845 3298 feodifirmam
1874 3232 1973 3299 datur

618 3339 813 3410 conceditur
833 3347 892 3406 aut
908 3335 1098 3424 possidetur
1114 3335 1186 3402 sine
1203 3335 1434 3404 Reuocatione
1449 3335 1689 3404 reclamatione
1705 3345 1763 3404 aut
1786 3335 1972 3406 contradic-

506 3493 508 3498 ·
616 3447 708 3516 tione
731 3444 869 3532 aliquali
893 3441 1065 3510 Facienda
1088 3441 1165 3510 inde
1189 3441 1366 3524 annuatim
1392 3441 1504 3509 dictus
1525 3443 1678 3510 Andreas
1701 3441 1841 3510 heredes
1864 3441 1916 3510 sui
1939 3451 1972 3510 et

617 3550 781 3637 assignati
804 3570 984 3636 suppremo
999 3547 1136 3614 domino
1159 3557 1275 3615 nostro
1299 3547 1385 3632 Regi
1408 3547 1588 3617 seruicium
1611 3546 1810 3634 burgagium
1826 3549 1867 3616 dc
1883 3547 1973 3616 dicta

617 3667 706 3726 terra
721 3655 872 3726 debitum
884 3664 917 3722 et
930 3663 1130 3722 consuetum
1146 3662 1311 3739 quantum
1327 3652 1473 3740 pertinet
1485 3655 1528 3722 ad
1540 3655 1683 3721 eandem
1699 3653 1748 3720 Ac
1765 3653 1972 3721 Soluendum

617 3760 802 3847 capellanis
816 3759 989 3847 perpetuis
1003 3759 1133 3845 collegij
1151 3759 1291 3826 ecclesie
1307 3758 1511 3846 parochialis
1525 3759 1615 3828 beati
1635 3757 1803 3846 Nicholaij
1821 3760 1862 3828 dc
1877 3757 1974 3827 Abir-

616 3871 702 3936 deue
712 3888 816 3934 vnum
832 3887 982 3935 annuum
998 3865 1167 3934 redditum
1178 3865 1318 3951 triginta
1333 3866 1516 3934 solidorum
1527 3863 1655 3934 usualis
1667 3873 1801 3932 monete
1813 3863 1919 3932 scotie
1930 3865 1974 3932 ad

616 3977 702 4044 duos
713 3973 794 4042 anni
804 3971 967 4040 terminos
977 3972 1113 4040 usuales
1124 3981 1338 4059 pentecostes
1347 3971 1502 4040 videlicet
1513 3981 1547 4040 et
1559 3969 1668 4040 sancti
1680 3967 1815 4056 martinj
1830 3968 1865 4036 in
1875 3989 1973 4058 yeme

617 4101 677 4166 per
698 4079 836 4164 equales
858 4077 1029 4165 portiones
1044 4087 1116 4146 tam
1133 4099 1192 4164 pro
1209 4077 1300 4144 omni
1316 4077 1374 4146 alii
1390 4075 1532 4144 seruicio
1555 4075 1699 4144 seculari
1714 4073 1890 4142 exactione
1912 4095 1972 4141 seu

617 4185 786 4254 demanda
801 4205 865 4270 que
881 4186 922 4252 de
938 4183 1088 4270 predicta
1103 4193 1191 4252 terra
1212 4205 1289 4252 cum
1306 4181 1522 4270 pertinenciis
1544 4180 1734 4268 aliqualiter
1748 4177 1835 4266 exigi
1851 4177 1972 4266 poterit

618 4299 677 4358 aut
697 4289 819 4374 requiri
844 4291 987 4375 Insuper
1001 4289 1112 4357 dictus
1127 4291 1279 4358 Andreas
1295 4290 1435 4358 heredes
1457 4287 1509 4357 sui
1525 4298 1559 4356 et
1575 4275 1739 4374 assignati
1761 4305 1973 4372 possessores
2038 4349 2041 4364 ,

618 4395 707 4462 dicte
729 4404 817 4462 terre
839 4397 982 4464 eandem
1005 4395 1180 4464 annuatim
1204 4405 1317 4464 ement
1335 4396 1463 4464 dabunt
1486 4402 1682 4463 construent
1698 4400 1732 4460 et
1748 4390 1972 4460 meliorabunt

618 4499 808 4587 pervisum
832 4501 898 4568 mei
921 4501 1082 4569 heredum
1106 4523 1257 4570 meorum
1281 4511 1314 4570 et
1337 4501 1588 4588 capellanorum
1613 4497 1694 4567 dicti
1717 4495 1850 4583 collegii
1874 4497 1920 4562 Et
1944 4495 1972 4561 si

618 4605 792 4693 contingat
808 4606 936 4675 dictum
952 4608 1121 4676 Andream
1138 4607 1277 4675 heredes
1301 4630 1380 4675 suos
1396 4616 1453 4675 aut
1470 4605 1661 4694 assignatos
1676 4603 1818 4672 deficere
1834 4601 1868 4669 in
1884 4599 1972 4670 solu-
