4460 5984
643 644 775 714 Ratae
797 645 937 714 odilam
958 652 988 714 ct
1008 643 1310 714 salmoim
1590 661 1653 734 219

384 819 507 888 Obitus
530 820 669 888 Roberti
693 819 833 888 blinscle
855 821 1026 905 quondam
1049 820 1209 908 prepositi
1229 821 1271 888 de
1293 821 1461 888 Abirdene
1485 821 1531 888 Et
1554 821 1652 888 eliza-
1673 835 1783 891 t01.s⁷¹

295 925 392 994 betbt
422 926 513 994 Wod
544 925 697 1010 coniugis
727 947 786 992 sue
813 927 865 994 Ad
895 926 1002 994 altare
1032 925 1226 992 beatissime
1255 925 1395 1011 virginis
1424 925 1531 992 marie
1560 925 1652 994 Infra
1674 966 1829 1020 05th

295 1029 422 1098 dictam
459 1029 638 1096 ecclesiam
680 1027 845 1097 situatum
883 1027 918 1094 in
955 1027 1099 1096 ecclesia
1135 1029 1203 1114 diuj
1243 1028 1377 1114 nicolaij
1417 1032 1459 1096 de
1495 1029 1653 1098 abirdcne
1673 1031 1871 1147 gf‘fibfln'dt.

295 1135 447 1220 Quorum
471 1131 748 1200 Anniuersarium
772 1133 989 1200 celebrabunt
1012 1131 1195 1199 Annuatim
1222 1131 1393 1218 Exequias
1417 1133 1651 1200 detunctorum
1673 1105 1872 1215 dernqfflpoepuqqm

294 1240 336 1305 de
347 1239 487 1324 placebo
499 1249 532 1306 et
545 1237 650 1324 dirige
665 1237 700 1304 in
716 1239 843 1306 Sabato
859 1237 1011 1324 proximo
1027 1247 1103 1324 post
1118 1238 1242 1306 festum
1255 1239 1493 1324 Apostolorum
1508 1237 1651 1324 philippi
1948 1242 1952 1280 ²

294 1352 327 1410 et
345 1344 458 1428 Iacobj
476 1343 611 1430 quodie
627 1344 787 1412 collector
809 1365 963 1412 mensam
987 1354 1114 1412 statuet
1129 1355 1163 1410 et
1179 1345 1347 1430 cooperiet
1368 1366 1479 1430 panno
1495 1343 1576 1412 linio
1592 1355 1650 1412 aut

294 1446 393 1514 laneo
415 1449 500 1514 duos
523 1469 540 1512 s
562 1447 696 1514 valente
718 1469 778 1533 per
800 1447 912 1534 ipsum
935 1457 1050 1534 empto
1073 1468 1175 1534 prope
1199 1447 1398 1533 Sepulcrum
1413 1447 1494 1515 dicti
1512 1447 1651 1516 Roberti

293 1561 445 1638 ternpore
471 1552 687 1638 exequiarum
710 1563 744 1620 et
771 1552 873 1638 eliget
897 1551 1069 1620 trisdecim
1095 1573 1262 1638 pauperes
1286 1553 1507 1639 personaliter
1532 1556 1651 1622 adesse

294 1666 430 1724 orantes
452 1677 558 1742 vsque
584 1659 627 1726 ad
650 1657 937 1744 complementum
965 1657 1182 1744 exequiarum
1207 1679 1268 1744 pro
1294 1659 1404 1726 salute
1430 1659 1543 1728 anime
1568 1659 1650 1728 dicti

295 1761 434 1828 Roberti
471 1761 625 1848 coniugis
662 1783 722 1830 sue
751 1761 1008 1846 animarumque
1041 1763 1185 1849 prolium
1223 1785 1362 1832 suarum
1400 1773 1578 1850 parentum
1616 1773 1649 1830 et

283 1866 444 1934 'omniurn
463 1867 612 1934 fidelium
630 1867 864 1934 defunctorum
883 1887 984 1952 super
1004 1887 1105 1952 quam
1125 1889 1278 1936 mensam
1299 1869 1393 1935 ldem
1413 1867 1572 1936 collector
1592 1867 1648 1952 xiij

293 1991 458 2056 pauperes
493 1970 717 2038 frumentinus
746 1971 889 2038 duorum
919 1969 1132 2038 denariorum
1169 1969 1295 2038 locabit
1325 1990 1410 2056 quos
1439 1991 1517 2037 cum
1547 1969 1650 2036 certis

291 2077 449 2144 carnibus
480 2074 628 2142 Incoctis
657 2083 691 2142 et
722 2075 853 2140 duobus
882 2073 1029 2142 denariis
1057 2073 1236 2160 unicuique
1266 2074 1432 2142 diatonum
1464 2095 1649 2160 pauperum

291 2179 441 2265 exequiis
463 2177 641 2246 celebratis
663 2177 840 2246 distribuet
866 2177 1124 2248 extendentibus
1146 2182 1189 2248 ad
1213 2201 1381 2248 summam
1406 2179 1473 2246 Sex
1495 2201 1512 2245 s
1534 2188 1568 2244 et
1592 2199 1651 2246 sex

291 2287 312 2352 d
329 2286 472 2370 Insuper
486 2283 688 2370 prelibatum
712 2303 862 2368 pannum
879 2283 1018 2370 pauperi
1033 2283 1184 2370 erogabit
1206 2285 1293 2351 Item
1309 2281 1478 2350 exhibebit
1495 2282 1650 2351 collacio-

290 2389 390 2456 uibus
404 2387 628 2456 confratribus
650 2387 837 2473 capellanis
861 2387 992 2474 collegij
1010 2389 1073 2455 hac
1089 2399 1188 2454 nocte
1203 2409 1270 2455 vno
1292 2387 1367 2454 loco
1382 2388 1527 2456 honesto
1547 2386 1650 2456 vnitis

292 2493 429 2578 Septem
459 2514 477 2560 s
505 2503 539 2558 et
569 2491 601 2577 vj
633 2493 655 2558 d
691 2491 825 2578 preconj
854 2491 997 2576 burgum
1023 2491 1243 2560 circumeunti
1272 2501 1343 2560 tres
1366 2493 1387 2560 d
1410 2493 1559 2560 Sacriste
1589 2513 1649 2578 pro

290 2619 533 2682 campanarum
558 2595 806 2682 pulsationibus
832 2597 885 2682 xxj
915 2599 936 2664 d
967 2619 1129 2683 procera
1158 2608 1191 2665 et
1220 2597 1352 2664 iactura
1383 2597 1533 2665 eiusdem
1564 2599 1649 2663 duos

289 2702 415 2770 solidos
430 2701 607 2768 annuatim
624 2703 671 2768 Et
694 2701 880 2786 capellanis
895 2701 1027 2787 collegii
1045 2723 1088 2768 xx
1103 2724 1120 2768 s
1135 2701 1191 2786 quj
1209 2701 1426 2769 celebrabunt
1443 2702 1583 2768 missam
1606 2702 1648 2768 de

288 2819 370 2878 nota
385 2830 446 2894 pro
462 2807 641 2876 animabus
656 2805 838 2874 antedictis
859 2805 894 2874 in
910 2807 1079 2876 dominica
1095 2807 1249 2893 sequenti
1265 2809 1308 2874 ad
1323 2807 1431 2874 altare
1452 2805 1647 2874 beatissime

287 2913 426 3001 virginis
450 2913 653 2982 mariscum
675 2911 841 2998 trigintali
863 2911 898 2978 in
922 2911 1106 2980 Ebdomita
1129 2910 1284 2997 sequenti
1306 2933 1368 2998 pro
1391 2910 1512 2998 quibus
1539 2909 1646 2980 lnlco·

287 3021 411 3088 damur
425 3021 460 3086 in
474 3020 608 3088 duabus
623 3018 746 3086 marcis
762 3019 803 3085 de
818 3017 917 3086 terris
929 3019 970 3084 de
985 3017 1228 3104 patmukstoun
1243 3027 1277 3084 et
1291 3037 1360 3084 vna
1375 3037 1490 3085 marca
1501 3015 1543 3084 de
1557 3025 1647 3082 terra

284 3127 458 3212 quondam
474 3125 640 3194 Willelmi
656 3123 777 3194 blinsel
791 3123 827 3190 in
841 3123 917 3191 vico
931 3123 1100 3192 frucarum
1116 3132 1154 3190 ut
1169 3121 1364 3211 responsuri
1381 3121 1449 3190 sint

373 3334 584 3402 Venerabilis
612 3333 664 3400 vir
693 3333 855 3420 magister
885 3335 1012 3420 Symon
1039 3332 1158 3402 doddis
1189 3335 1316 3401 Rector
1344 3335 1386 3400 de
1417 3331 1645 3417 Inuernochty
1667 3337 1792 3406 Magister
1846 3403 1852 3418 ⁸

284 3439 438 3508 fundauit
467 3462 570 3508 vnam
594 3439 733 3507 missam
758 3441 800 3506 de
823 3441 953 3526 Requie
975 3439 1067 3507 omni
1096 3439 1179 3506 feria
1208 3441 1358 3506 secunda
1380 3439 1579 3504 celebranda
1601 3439 1643 3504 ad
1665 3403 1868 3522 {fflffl'

284 3545 391 3612 altare
421 3545 555 3612 Sancti'
569 3546 702 3612 Andree
731 3545 874 3630 apostoli
904 3567 964 3632 pro
989 3545 1104 3613 anima
1130 3545 1252 3614 nobilis
1275 3554 1313 3612 et
1340 3543 1487 3612 Illustris
1516 3542 1643 3610 domini
1664 3535 1789 3603 mh&

284 3651 454 3737 quondam
486 3651 649 3718 Iohannis
679 3661 827 3718 steuarte
858 3651 1002 3720 Comitis
1031 3654 1073 3720 de
1106 3671 1180 3719 mar
1208 3661 1242 3718 et
1272 3649 1459 3738 gereauche
1490 3651 1536 3716 Et
1566 3657 1642 3736 post

284 3757 460 3824 decessum
477 3757 583 3842 ipsius
599 3755 753 3844 magistri
770 3757 928 3844 Symonis
942 3779 1003 3844 pro
1019 3757 1129 3826 salute
1146 3757 1260 3826 anime
1274 3778 1335 3824 sue
1350 3765 1384 3822 et
1399 3753 1480 3823 dicti
1498 3753 1643 3823 Comitis
1683 3763 1689 3776 “

283 3881 344 3948 pro
360 3861 562 3947 quaquidem
578 3861 683 3929 missa
698 3861 868 3948 perpetuis
883 3861 1091 3948 temporibus
1111 3863 1273 3929 duratura
1289 3861 1509 3928 infeodantur
1524 3857 1644 3944 Capel-

284 3965 353 4051 lanj
384 3963 524 4052 Collegij
558 3965 591 4031 in
621 3965 741 4052 viginti
773 3967 903 4034 duobus
939 3967 1055 4034 solidis
1092 3966 1269 4034 annuatim
1307 3967 1348 4033 de
1378 3965 1524 4049 quadam
1553 3973 1643 4030 terra

284 4073 452 4156 quondam
485 4069 648 4136 Iohannis
680 4072 845 4138 anderson
875 4093 978 4158 prope
1008 4083 1132 4140 terram
1170 4069 1302 4157 gilberti
1340 4087 1498 4136 mureson
1528 4075 1564 4133 vt
1593 4088 1642 4133 re-

283 4177 470 4262 spondeant

370 4381 546 4450 Discretus
573 4393 606 4449 et
630 4383 692 4450 deo
715 4384 858 4452 deuotus
879 4385 930 4451 vir
952 4385 1114 4471 magister
1137 4383 1273 4451 thomas
1296 4403 1474 4449 muresone
1496 4379 1642 4448 vicarius
1664 4396 1790 4462 Mansa

282 4489 323 4556 de
344 4489 495 4575 premeth
513 4487 668 4555 fundauit
684 4510 785 4556 vnam
807 4489 946 4557 missam
963 4494 1003 4559 de
1022 4491 1150 4576 Requie
1174 4487 1363 4557 omnifaria
1386 4489 1534 4554 secunda
1557 4485 1641 4553 cele·
1664 4463 1860 4582 fflcffiss'

282 4595 444 4662 brandam
476 4595 518 4662 ad
548 4594 655 4662 altare
685 4593 802 4662 Sancti
832 4596 1008 4683 sanguinis
1037 4619 1096 4684 pro
1119 4597 1229 4664 salute
1256 4594 1368 4664 anime
1391 4613 1451 4662 sue
1474 4601 1507 4660 et
1529 4591 1640 4660 anime
1663 4591 1834 4660 romeus
