4490 5990
646 653 689 738 96
735 653 902 722 Fundano
916 654 1028 722 altaris
1042 654 1155 722 Sancti
1167 653 1334 721 sabustoris
1343 660 1401 742 per
1414 655 1579 722 Andrcam
1592 675 1721 741 murray
1737 655 1923 754 burgenses,

644 847 762 894 versus
792 837 945 896 austrum
967 847 1072 894 vnum
1098 829 1259 894 Annuum
1287 827 1470 896 Redditum
1497 829 1613 896 decem
1643 828 1826 898 solidorum
1852 830 1894 898 de
1916 840 2005 898 terra

645 933 822 1000 Wilhelmi
852 934 1006 1002 buchane
1038 935 1174 1001 Iacente
1197 931 1232 999 in
1254 933 1329 1001 vico
1352 933 1512 1020 superiori
1534 935 1677 1002 ecclesie
1699 957 1739 1002 ex
1762 934 1879 1004 boriali
1910 945 2005 1022 parte

645 1037 800 1104 eiusdem
810 1035 875 1105 vici
890 1037 978 1106 inter
992 1048 1117 1106 terram
1136 1039 1305 1124 quondam
1323 1039 1486 1108 Iohannis
1501 1040 1617 1107 stokar
1631 1061 1672 1107 ex
1687 1040 1812 1109 boreali
1830 1050 1864 1108 et
1880 1051 2003 1109 terram

645 1145 814 1227 quondam
844 1141 1021 1211 Wilhelmi
1054 1143 1191 1210 scherar
1220 1165 1260 1210 ex
1290 1143 1489 1212 occidentali
1512 1144 1664 1231 partibus
1694 1167 1735 1212 ex
1764 1145 1871 1214 altera
1899 1167 2004 1214 vnum

643 1249 803 1314 Annuum
821 1247 1004 1315 Redditum
1019 1249 1161 1316 duarum
1178 1269 1368 1316 marcarum
1391 1250 1432 1316 de
1454 1249 1560 1316 crofto
1575 1235 1756 1317 Alexandri
1771 1271 1845 1316 mar
1865 1252 2004 1318 iacente

643 1349 679 1418 in
701 1351 867 1421 territorio
890 1352 1071 1420 croltorum
1087 1355 1128 1420 de
1143 1352 1324 1421 rubbislaw
1339 1353 1369 1422 le
1385 1351 1479 1421 braid
1500 1354 1583 1421 croit
1605 1364 1726 1422 vocato
1749 1353 1837 1422 inter
1859 1355 2002 1422 croltum

644 1468 832 1543 margarete
841 1457 956 1544 lychat
966 1479 1006 1524 ex
1016 1456 1216 1525 occidentali
1225 1467 1259 1524 et
1269 1458 1412 1525 croltum
1422 1458 1646 1544 pertinentem
1656 1459 2003 1528 heredibusRichardi

644 1561 766 1648 kyntor
780 1585 821 1630 ex
837 1561 991 1630 orientali
1007 1561 1158 1648 partibus
1170 1564 1212 1630 ab
1229 1563 1335 1630 altera
1352 1563 1581 1652 Quosquidem
1600 1585 1732 1632 annuos
1748 1566 1915 1633 Redditus
1929 1588 2001 1652 pre·

643 1666 787 1752 scriptos
809 1689 849 1735 ex
872 1667 1005 1755 proprio
1028 1689 1103 1734 meo
1126 1678 1312 1753 conquestu
1338 1669 1405 1736 emi
1428 1668 1608 1737 Tenendos
1630 1681 1665 1738 et
1688 1669 1861 1739 habendos
1884 1693 2002 1738 omnes

642 1780 683 1838 et
693 1771 845 1858 singulos
859 1774 1001 1840 Annuos
1018 1773 1184 1841 Redditus
1199 1773 1388 1842 antedictos
1404 1797 1482 1844 cum
1498 1775 1569 1843 suis
1586 1776 1720 1844 Iuribus
1735 1786 1768 1844 et
1784 1775 2001 1864 pertinenciis

642 1875 733 1942 dicto
755 1875 892 1944 domino
916 1877 1060 1945 Iohanni
1084 1877 1270 1964 Capellano
1292 1901 1368 1946 meo
1391 1889 1425 1946 et
1448 1879 1520 1947 suis
1542 1881 1793 1950 successoribus
1815 1881 2000 1968 capellanis

642 2002 702 2066 pro
717 1983 888 2068 perpetuis
903 1983 1053 2052 eiusdem
1070 2004 1090 2051 a
1109 2006 1186 2052 mea
1200 1993 1234 2051 ct
1250 1985 1429 2053 heredibus
1444 1985 1528 2054 meis
1546 1989 1586 2054 In
1602 2009 1721 2073 puram
1744 1996 1778 2055 et
1801 1997 1998 2074 perpetuam

641 2085 853 2156 elimosinam
869 2087 1115 2174 imperpetuum
1133 2091 1220 2158 Cum
1236 2087 1329 2156 omni
1346 2091 1423 2158 Iure
1438 2101 1471 2158 et
1490 2091 1578 2158 Iuris
1593 2091 1724 2159 clameo
1741 2113 1781 2159 ac
1798 2114 1875 2161 cum
1891 2093 1998 2160 omni-

641 2191 704 2260 bus
719 2203 753 2260 et
769 2192 910 2278 singulis
929 2193 1141 2262 libertatibus
1160 2195 1457 2263 commoditatibus
1475 2205 1509 2263 et
1530 2195 1728 2266 asiamentis
1746 2219 1786 2266 ac
1806 2197 1911 2264 Iustis
1926 2199 1997 2265 suis

639 2297 856 2382 pertinenciis
872 2298 1138 2384 quibuscumque
1158 2299 1200 2368 ad
1219 2299 1328 2366 dictos
1342 2303 1483 2368 Annuos
1507 2301 1673 2370 Redditus
1688 2323 1766 2370 cum
1782 2301 1998 2388 pertinenciis

638 2404 870 2489 spectantibus
886 2427 945 2472 seu
962 2406 1057 2473 Iuste
1069 2415 1221 2492 spectare
1231 2407 1423 2474 valentibus
1434 2407 1683 2492 quomodolibet
1700 2408 1734 2474 in
1749 2408 1899 2474 futurum
1912 2409 1997 2475 adeo

638 2508 740 2576 libere
763 2509 912 2595 plenarie
935 2509 1064 2597 integre
1087 2511 1270 2580 honorifice
1287 2513 1381 2580 ¹bene
1407 2523 1441 2579 et
1467 2512 1502 2579 in
1529 2535 1612 2599 pace
1639 2513 1673 2578 in
1700 2512 1857 2580 omnibus
1879 2521 1913 2579 et
1936 2533 1996 2598 per

637 2610 752 2679 omnia
775 2612 862 2680 sicut
878 2612 982 2699 aliqui
999 2613 1112 2683 Annui
1133 2615 1299 2682 Redditus
1314 2615 1349 2682 in
1365 2636 1484 2702 puram
1507 2626 1541 2683 et
1564 2625 1762 2704 perpetuam
1781 2615 1994 2683 elimosinam

635 2715 777 2784 ecclesie
792 2727 825 2784 et
841 2717 1016 2804 capellano
1032 2720 1235 2786 deseruienti
1251 2720 1336 2788 infra
1351 2743 1492 2807 regnum
1505 2721 1614 2789 scocie
1630 2723 1755 2788 dantur
1765 2722 1996 2788 conceduntur

636 2831 695 2889 aut
707 2821 922 2909 possidentur
933 2823 1005 2890 sine
1017 2823 1237 2892 reuocacione
1248 2825 1493 2894 reclamacione
1504 2835 1563 2894 aut
1574 2825 1844 2894 contradiccione
1855 2825 1993 2911 aliquali

635 2927 702 2994 mei
714 2929 875 2996 heredum
888 2949 1039 2996 meorum
1052 2929 1301 3015 assignatorum
1314 2940 1373 2998 aut
1385 2931 1527 2999 aliorum
1538 2952 1813 3018 quorumcunque
1823 2931 1995 3000 Faciendo

633 3053 673 3100 ac
689 3031 888 3102 celebrando
901 3035 985 3102 Inde
1000 3033 1361 3121 dictuscapellanuset
1377 3033 1429 3104 sui
1441 3057 1653 3104 successores
1664 3035 1829 3123 capellani
1841 3035 1993 3123 perpetui

633 3135 782 3205 eiusdem
794 3139 989 3225 Capellanie
999 3139 1141 3208 seruicia
1153 3149 1186 3207 et
1199 3141 1358 3228 suffragia
1369 3141 1484 3211 diuina
1496 3141 1596 3210 solita
1608 3151 1641 3210 et
1653 3151 1815 3210 consueta
1827 3141 1993 3210 sacerdoti

634 3243 875 3311 Incumbencia
886 3245 928 3312 ad
940 3245 1069 3312 dictum
1082 3245 1188 3312 altare
1200 3267 1260 3331 pro
1276 3245 1385 3313 salute
1397 3246 1509 3313 anime
1524 3267 1599 3313 mee
1611 3245 1800 3313 animarum
1812 3253 1991 3330 parentum

632 3369 772 3416 vxorurn
802 3359 1055 3416 antecessorum
1085 3372 1317 3418 successorum
1350 3373 1502 3418 meorum
1536 3351 1787 3419 benefactorum
1821 3371 1937 3418 eorum
1971 3371 1992 3418 a

633 3454 754 3540 quibus
769 3453 883 3540 aliqua
898 3457 986 3523 bona
1002 3455 1115 3524 minus
1131 3457 1225 3524 Iuste
1240 3456 1342 3525 habui
1361 3459 1409 3524 Ac
1425 3456 1576 3525 omnium
1592 3456 1741 3524 fidelium
1757 3457 1991 3525 detunctorum

633 3560 680 3625 Et
695 3561 894 3628 decorantes
908 3560 1049 3628 chorum
1064 3561 1099 3627 in
1115 3561 1233 3630 habitu
1249 3562 1380 3630 decenti
1396 3561 1574 3630 dominicis
1589 3572 1622 3629 et
1639 3561 1821 3630 maioribus
1838 3559 1990 3646 Duplici·

631 3667 694 3732 bus
716 3665 811 3732 lestis
831 3675 966 3734 tantum
986 3689 1046 3753 pro
1066 3668 1158 3734 omni
1179 3669 1245 3736 alio
1266 3669 1407 3736 seruicio
1428 3667 1608 3736 exaccione
1630 3691 1690 3736 seu
1712 3669 1881 3736 demanda
1899 3669 1987 3734 Item

629 3769 705 3836 volo
721 3771 809 3854 quod
825 3771 1021 3857 capellanus
1036 3771 1135 3840 istius
1155 3773 1341 3860 capellanie
1361 3773 1581 3859 personaliter
1598 3772 1742 3840 resideat
1758 3771 1844 3838 inira
1860 3771 1988 3838 dictum

628 3875 771 3960 burgum
792 3877 834 3942 de
854 3875 1012 3945 abirdene
1034 3877 1142 3945 eidem
1163 3875 1349 3964 capellanie
1369 3878 1520 3945 seruiens
1541 3879 1587 3944 Et
1611 3876 1639 3944 si
1660 3875 1694 3943 in
1717 3874 1885 3962 personali
1908 3873 1988 3942 resi·

628 3979 747 4046 dencia
769 3981 926 4049 defecerit
946 3981 1044 4049 Tunc
1069 3983 1199 4050 licitum
1226 3981 1288 4048 erit
1315 3981 1417 4049 michi
1444 3981 1623 4050 heredibus
1649 3979 1734 4047 meis
1758 3978 1919 4047 masculis
1945 3980 1987 4046 de

627 4084 820 4153 huiusmodi
836 4085 1024 4171 capellania
1042 4087 1139 4154 alteri
1157 4087 1332 4173 capellano
1349 4088 1480 4174 ydoneo
1495 4087 1669 4173 prouidere
1687 4107 1747 4171 pro
1762 4093 1876 4152 nostre
1891 4083 1987 4152 libito

626 4189 812 4257 voluntatis
829 4193 905 4257 Iure
920 4213 998 4258 vero
1010 4200 1209 4277 patronatus
1226 4192 1327 4261 Dicte
1342 4192 1527 4278 capellanie
1543 4191 1646 4258 michi
1662 4200 1696 4258 et
1711 4189 1890 4258 heredibus
1903 4189 1987 4258 meis

627 4293 788 4361 masculis
814 4293 990 4380 legittimis
1013 4295 1306 4382 propinquioribus
1335 4297 1543 4383 temporibus
1572 4295 1693 4364 luturis
1723 4303 1895 4363 reseruato
1921 4295 1985 4361 hoc

626 4418 749 4464 nomen
773 4419 908 4484 murray
926 4399 1120 4484 gerentibus
1143 4401 1190 4466 Et
1210 4400 1239 4468 si
1259 4400 1433 4487 contingat
1456 4401 1584 4468 dictum
1608 4399 1822 4485 capellanum
1845 4399 1987 4466 deficere

627 4503 668 4568 In
685 4501 808 4569 diuinis
824 4504 975 4571 seruiciis
990 4507 1033 4572 ad
1051 4505 1179 4573 dictum
1196 4506 1303 4573 altare
1317 4529 1376 4592 per
1396 4507 1619 4592 quadraginta
1638 4507 1711 4574 dies
1726 4505 1905 4574 continuos
1920 4503 1985 4571 nisi

626 4607 670 4676 sit
685 4629 789 4676 causa
806 4609 1004 4693 egritudinis
1022 4621 1081 4678 aut
1101 4611 1384 4698 peregrinacionis
1401 4613 1487 4679 inira
1507 4615 1663 4698 Regnum
1684 4621 1717 4678 et
1735 4622 1828 4679 extra
1844 4621 1902 4678 aut
1918 4610 1986 4678 alia
