<?xml version="1.0" encoding="UTF-8"?>
<!DOCTYPE html PUBLIC "-//W3C//DTD XHTML 1.0 Transitional//EN"
    "http://www.w3.org/TR/xhtml1/DTD/xhtml1-transitional.dtd">
<html xmlns="http://www.w3.org/1999/xhtml" xml:lang="en" lang="en">
 <head>
  <title>
</title>
<meta http-equiv="Content-Type" content="text/html;charset=utf-8" />
  <meta name='ocr-system' content='tesseract 3.04.00' />
  <meta name='ocr-capabilities' content='ocr_page ocr_carea ocr_par ocr_line ocrx_word'/>
</head>
<body>
  <div class='ocr_page' id='page_1' title='image "./cartulariumeccl00logagoog_0252.png"; bbox 0 0 4460 5984; ppageno 0'>
   <div class='ocr_carea' id='block_1_1' title="bbox 607 623 1622 712">
    <p class='ocr_par' dir='ltr' id='par_1_1' title="bbox 607 623 1622 712">
     <span class='ocr_line' id='line_1_1' title="bbox 607 623 1622 712; baseline -0.002 -17"><span class='ocrx_word' id='word_1_1' title='bbox 607 647 671 712; x_wconf 80' lang='lat'><strong>2²4</strong></span> <span class='ocrx_word' id='word_1_2' title='bbox 957 625 1088 692; x_wconf 81' lang='lat' dir='ltr'><strong>Rentale</strong></span> <span class='ocrx_word' id='word_1_3' title='bbox 1109 623 1249 694; x_wconf 65' lang='lat' dir='ltr'><strong>oblatam</strong></span> <span class='ocrx_word' id='word_1_4' title='bbox 1270 631 1299 692; x_wconf 82' lang='lat' dir='ltr'><strong>et</strong></span> <span class='ocrx_word' id='word_1_5' title='bbox 1318 623 1622 693; x_wconf 74' lang='lat' dir='ltr'><strong>Anaisamriomn</strong></span> 
     </span>
    </p>
   </div>
   <div class='ocr_carea' id='block_1_2' title="bbox 606 797 1975 1412">
    <p class='ocr_par' dir='ltr' id='par_1_2' title="bbox 606 797 1975 1412">
     <span class='ocr_line' id='line_1_2' title="bbox 606 797 1967 885; baseline -0.003 -15"><span class='ocrx_word' id='word_1_6' title='bbox 606 801 673 870; x_wconf 86' lang='lat' dir='ltr'><strong>alio</strong></span> <span class='ocrx_word' id='word_1_7' title='bbox 691 822 804 870; x_wconf 89' lang='lat' dir='ltr'><strong>annuo</strong></span> <span class='ocrx_word' id='word_1_8' title='bbox 821 798 968 870; x_wconf 91' lang='lat' dir='ltr'><strong>Redditu</strong></span> <span class='ocrx_word' id='word_1_9' title='bbox 991 807 1136 885; x_wconf 82' lang='lat' dir='ltr'><strong>quatuor</strong></span> <span class='ocrx_word' id='word_1_10' title='bbox 1157 797 1340 866; x_wconf 87' lang='lat' dir='ltr'><strong>solidorum</strong></span> <span class='ocrx_word' id='word_1_11' title='bbox 1362 799 1404 866; x_wconf 89' lang='lat' dir='ltr'><strong>de</strong></span> <span class='ocrx_word' id='word_1_12' title='bbox 1425 798 1537 873; x_wconf 81' lang='lat' dir='ltr'><strong>fundo</strong></span> <span class='ocrx_word' id='word_1_13' title='bbox 1551 808 1639 866; x_wconf 90' lang='lat' dir='ltr'><strong>terre</strong></span> <span class='ocrx_word' id='word_1_14' title='bbox 1663 797 1826 868; x_wconf 83' lang='lat' dir='ltr'><strong>lobannis</strong></span> <span class='ocrx_word' id='word_1_15' title='bbox 1843 799 1918 885; x_wconf 82' lang='lat' dir='ltr'><strong>grig</strong></span> <span class='ocrx_word' id='word_1_16' title='bbox 1932 798 1967 866; x_wconf 90' lang='lat' dir='ltr'><strong>in</strong></span> 
     </span>
     <span class='ocr_line' id='line_1_3' title="bbox 606 903 1965 991; baseline -0.001 -17"><span class='ocrx_word' id='word_1_17' title='bbox 606 906 680 974; x_wconf 89' lang='lat' dir='ltr'><strong>vico</strong></span> <span class='ocrx_word' id='word_1_18' title='bbox 706 905 874 976; x_wconf 88' lang='lat' dir='ltr'><strong>furcarum</strong></span> <span class='ocrx_word' id='word_1_19' title='bbox 899 927 940 972; x_wconf 85' lang='lat' dir='ltr'><strong>ex</strong></span> <span class='ocrx_word' id='word_1_20' title='bbox 965 905 1120 972; x_wconf 84' lang='lat' dir='ltr'>orientali</span> <span class='ocrx_word' id='word_1_21' title='bbox 1146 915 1242 990; x_wconf 89' lang='lat' dir='ltr'><strong>parte</strong></span> <span class='ocrx_word' id='word_1_22' title='bbox 1264 903 1413 972; x_wconf 88' lang='lat' dir='ltr'><strong>eiusdem</strong></span> <span class='ocrx_word' id='word_1_23' title='bbox 1437 905 1501 990; x_wconf 88' lang='lat' dir='ltr'><strong>vicj</strong></span> <span class='ocrx_word' id='word_1_24' title='bbox 1529 905 1617 976; x_wconf 88' lang='lat' dir='ltr'><strong>inter</strong></span> <span class='ocrx_word' id='word_1_25' title='bbox 1641 915 1766 974; x_wconf 84' lang='lat' dir='ltr'><strong>terram</strong></span> <span class='ocrx_word' id='word_1_26' title='bbox 1796 908 1965 991; x_wconf 80' lang='lat' dir='ltr'><strong>quondam</strong></span> 
     </span>
     <span class='ocr_line' id='line_1_4' title="bbox 608 1009 1963 1097; baseline 0 -21"><span class='ocrx_word' id='word_1_27' title='bbox 608 1010 767 1095; x_wconf 88' lang='lat' dir='ltr'><strong>Richardj</strong></span> <span class='ocrx_word' id='word_1_28' title='bbox 785 1010 927 1078; x_wconf 87' lang='lat' dir='ltr'><strong>Cullane</strong></span> <span class='ocrx_word' id='word_1_29' title='bbox 942 1031 983 1076; x_wconf 86' lang='lat' dir='ltr'><strong>ex</strong></span> <span class='ocrx_word' id='word_1_30' title='bbox 998 1009 1137 1078; x_wconf 80' lang='lat' dir='ltr'><strong>australi</strong></span> <span class='ocrx_word' id='word_1_31' title='bbox 1150 1019 1184 1076; x_wconf 90' lang='lat' dir='ltr'><strong>et</strong></span> <span class='ocrx_word' id='word_1_32' title='bbox 1196 1019 1322 1078; x_wconf 88' lang='lat' dir='ltr'><strong>terram</strong></span> <span class='ocrx_word' id='word_1_33' title='bbox 1338 1011 1507 1096; x_wconf 87' lang='lat' dir='ltr'><strong>quondam</strong></span> <span class='ocrx_word' id='word_1_34' title='bbox 1523 1011 1654 1096; x_wconf 84' lang='lat' dir='ltr'><strong>gilbertj</strong></span> <span class='ocrx_word' id='word_1_35' title='bbox 1669 1011 1766 1078; x_wconf 87' lang='lat' dir='ltr'><strong>leitbt</strong></span> <span class='ocrx_word' id='word_1_36' title='bbox 1783 1033 1825 1078; x_wconf 86' lang='lat' dir='ltr'><strong>ex</strong></span> <span class='ocrx_word' id='word_1_37' title='bbox 1839 1013 1963 1097; x_wconf 89' lang='lat' dir='ltr'><strong>borealj</strong></span> 
     </span>
     <span class='ocr_line' id='line_1_5' title="bbox 607 1110 1966 1200; baseline 0 -18"><span class='ocrx_word' id='word_1_38' title='bbox 607 1118 653 1182; x_wconf 86' lang='lat' dir='ltr'><strong>Et</strong></span> <span class='ocrx_word' id='word_1_39' title='bbox 669 1116 780 1184; x_wconf 87' lang='lat' dir='ltr'><strong>dictus</strong></span> <span class='ocrx_word' id='word_1_40' title='bbox 798 1110 940 1184; x_wconf 84' lang='lat' dir='ltr'><strong>sacrista</strong></span> <span class='ocrx_word' id='word_1_41' title='bbox 955 1115 1103 1200; x_wconf 83' lang='lat' dir='ltr'><strong>pulsabit</strong></span> <span class='ocrx_word' id='word_1_42' title='bbox 1124 1135 1309 1200; x_wconf 84' lang='lat' dir='ltr'><strong>campanas</strong></span> <span class='ocrx_word' id='word_1_43' title='bbox 1332 1115 1581 1184; x_wconf 88' lang='lat' dir='ltr'><strong>ecclesiasticas</strong></span> <span class='ocrx_word' id='word_1_44' title='bbox 1604 1115 1781 1184; x_wconf 86' lang='lat' dir='ltr'><strong>annuatim</strong></span> <span class='ocrx_word' id='word_1_45' title='bbox 1795 1115 1831 1182; x_wconf 90' lang='lat' dir='ltr'><strong>in</strong></span> <span class='ocrx_word' id='word_1_46' title='bbox 1847 1117 1966 1184; x_wconf 83' lang='lat' dir='ltr'><strong>sabato</strong></span> 
     </span>
     <span class='ocr_line' id='line_1_6' title="bbox 606 1211 1975 1306; baseline -0.001 -18"><span class='ocrx_word' id='word_1_47' title='bbox 606 1220 641 1288; x_wconf 92' lang='lat' dir='ltr'><strong>in</strong></span> <span class='ocrx_word' id='word_1_48' title='bbox 664 1221 809 1288; x_wconf 80' lang='lat' dir='ltr'>meredic</span> <span class='ocrx_word' id='word_1_49' title='bbox 835 1230 915 1288; x_wconf 83' lang='lat' dir='ltr'><strong>ante</strong></span> <span class='ocrx_word' id='word_1_50' title='bbox 937 1219 1202 1288; x_wconf 89' lang='lat' dir='ltr'><strong>celebracionem</strong></span> <span class='ocrx_word' id='word_1_51' title='bbox 1225 1220 1442 1306; x_wconf 83' lang='lat' dir='ltr'><strong>exequiarum</strong></span> <span class='ocrx_word' id='word_1_52' title='bbox 1466 1222 1663 1288; x_wconf 87' lang='lat' dir='ltr'><strong>Notandum</strong></span> <span class='ocrx_word' id='word_1_53' title='bbox 1686 1221 1775 1306; x_wconf 91' lang='lat' dir='ltr'><strong>quod</strong></span> <span class='ocrx_word' id='word_1_54' title='bbox 1796 1211 1975 1288; x_wconf 86' lang='lat' dir='ltr'><strong>Collector¹</strong></span> 
     </span>
     <span class='ocr_line' id='line_1_7' title="bbox 606 1325 1967 1412; baseline -0.001 -18"><span class='ocrx_word' id='word_1_55' title='bbox 606 1327 773 1394; x_wconf 89' lang='lat' dir='ltr'><strong>dictorum</strong></span> <span class='ocrx_word' id='word_1_56' title='bbox 806 1325 1066 1412; x_wconf 77' lang='lat' dir='ltr'><strong>capellanorum</strong></span> <span class='ocrx_word' id='word_1_57' title='bbox 1096 1325 1272 1394; x_wconf 86' lang='lat' dir='ltr'><strong>annuatim</strong></span> <span class='ocrx_word' id='word_1_58' title='bbox 1304 1325 1438 1412; x_wconf 86' lang='lat' dir='ltr'><strong>Recipit</strong></span> <span class='ocrx_word' id='word_1_59' title='bbox 1468 1347 1527 1411; x_wconf 90' lang='lat' dir='ltr'><strong>pre</strong></span> <span class='ocrx_word' id='word_1_60' title='bbox 1557 1326 1714 1394; x_wconf 89' lang='lat' dir='ltr'><strong>manibus</strong></span> <span class='ocrx_word' id='word_1_61' title='bbox 1743 1325 1852 1394; x_wconf 90' lang='lat' dir='ltr'><strong>dictos</strong></span> <span class='ocrx_word' id='word_1_62' title='bbox 1882 1327 1967 1394; x_wconf 92' lang='lat' dir='ltr'><strong>duos</strong></span> 
     </span>
    </p>
   </div>
   <div class='ocr_carea' id='block_1_3' title="bbox 607 1533 1967 1726">
    <p class='ocr_par' dir='ltr' id='par_1_3' title="bbox 607 1533 1967 1726">
     <span class='ocr_line' id='line_1_8' title="bbox 607 1533 1966 1603; baseline 0 -1"><span class='ocrx_word' id='word_1_63' title='bbox 607 1536 765 1602; x_wconf 81' lang='lat' dir='ltr'><strong>cedentes</strong></span> <span class='ocrx_word' id='word_1_64' title='bbox 785 1535 827 1601; x_wconf 91' lang='lat' dir='ltr'><strong>ad</strong></span> <span class='ocrx_word' id='word_1_65' title='bbox 844 1534 1042 1602; x_wconf 91' lang='lat' dir='ltr'><strong>soluendum</strong></span> <span class='ocrx_word' id='word_1_66' title='bbox 1059 1533 1252 1602; x_wconf 88' lang='lat' dir='ltr'><strong>huiusmodi</strong></span> <span class='ocrx_word' id='word_1_67' title='bbox 1271 1533 1538 1602; x_wconf 85' lang='lat' dir='ltr'><strong>anniuersarium</strong></span> <span class='ocrx_word' id='word_1_68' title='bbox 1563 1537 1609 1602; x_wconf 87' lang='lat' dir='ltr'><strong>Et</strong></span> <span class='ocrx_word' id='word_1_69' title='bbox 1632 1545 1767 1603; x_wconf 90' lang='lat' dir='ltr'><strong>tenetur</strong></span> <span class='ocrx_word' id='word_1_70' title='bbox 1790 1537 1917 1603; x_wconf 89' lang='lat' dir='ltr'><strong>Curato</strong></span> <span class='ocrx_word' id='word_1_71' title='bbox 1932 1545 1966 1602; x_wconf 89' lang='lat' dir='ltr'><strong>et</strong></span> 
     </span>
     <span class='ocr_line' id='line_1_9' title="bbox 607 1635 1967 1726; baseline 0.001 -20"><span class='ocrx_word' id='word_1_72' title='bbox 607 1639 793 1726; x_wconf 89' lang='lat' dir='ltr'><strong>capellanis</strong></span> <span class='ocrx_word' id='word_1_73' title='bbox 818 1639 1009 1724; x_wconf 88' lang='lat' dir='ltr'><strong>persoluere</strong></span> <span class='ocrx_word' id='word_1_74' title='bbox 1033 1635 1179 1707; x_wconf 87' lang='lat' dir='ltr'><strong>Cuilibet</strong></span> <span class='ocrx_word' id='word_1_75' title='bbox 1202 1661 1298 1706; x_wconf 89' lang='lat' dir='ltr'><strong>suam</strong></span> <span class='ocrx_word' id='word_1_76' title='bbox 1322 1649 1452 1726; x_wconf 90' lang='lat' dir='ltr'><strong>partem</strong></span> <span class='ocrx_word' id='word_1_77' title='bbox 1473 1651 1509 1708; x_wconf 92' lang='lat' dir='ltr'><strong>vt</strong></span> <span class='ocrx_word' id='word_1_78' title='bbox 1533 1639 1637 1708; x_wconf 91' lang='lat' dir='ltr'><strong>moris</strong></span> <span class='ocrx_word' id='word_1_79' title='bbox 1659 1651 1711 1708; x_wconf 88' lang='lat' dir='ltr'><strong>est</strong></span> <span class='ocrx_word' id='word_1_80' title='bbox 1733 1642 1768 1708; x_wconf 92' lang='lat' dir='ltr'><strong>in</strong></span> <span class='ocrx_word' id='word_1_81' title='bbox 1792 1639 1967 1709; x_wconf 86' lang='lat' dir='ltr'><strong>Similibus</strong></span> 
     </span>
    </p>
   </div>
   <div class='ocr_carea' id='block_1_4' title="bbox 611 1743 1966 1937">
    <p class='ocr_par' dir='ltr' id='par_1_4' title="bbox 611 1743 1966 1937">
     <span class='ocr_line' id='line_1_10' title="bbox 611 1743 1966 1830; baseline 0.002 -19"><span class='ocrx_word' id='word_1_82' title='bbox 611 1744 812 1812; x_wconf 86' lang='lat' dir='ltr'><strong>Immediate</strong></span> <span class='ocrx_word' id='word_1_83' title='bbox 828 1755 905 1830; x_wconf 85' lang='lat' dir='ltr'><strong>post</strong></span> <span class='ocrx_word' id='word_1_84' title='bbox 921 1743 1195 1814; x_wconf 79' lang='lat' dir='ltr'><strong>celebracionem</strong></span> <span class='ocrx_word' id='word_1_85' title='bbox 1211 1745 1362 1812; x_wconf 88' lang='lat' dir='ltr'><strong>eiusdem</strong></span> <span class='ocrx_word' id='word_1_86' title='bbox 1377 1745 1450 1812; x_wconf 92' lang='lat' dir='ltr'><strong>sine</strong></span> <span class='ocrx_word' id='word_1_87' title='bbox 1460 1745 1617 1814; x_wconf 86' lang='lat' dir='ltr'><strong>vlteriore</strong></span> <span class='ocrx_word' id='word_1_88' title='bbox 1632 1745 1793 1814; x_wconf 89' lang='lat' dir='ltr'><strong>dilatione</strong></span> <span class='ocrx_word' id='word_1_89' title='bbox 1804 1757 1838 1816; x_wconf 90' lang='lat' dir='ltr'><strong>et</strong></span> <span class='ocrx_word' id='word_1_90' title='bbox 1851 1767 1966 1814; x_wconf 90' lang='lat' dir='ltr'><strong>conse·</strong></span> 
     </span>
     <span class='ocr_line' id='line_1_11' title="bbox 611 1849 1636 1937; baseline 0.002 -21"><span class='ocrx_word' id='word_1_91' title='bbox 611 1859 752 1936; x_wconf 89' lang='lat' dir='ltr'><strong>quenter</strong></span> <span class='ocrx_word' id='word_1_92' title='bbox 770 1849 910 1918; x_wconf 79' lang='lat' dir='ltr'><strong>sacriste</strong></span> <span class='ocrx_word' id='word_1_93' title='bbox 925 1859 958 1917; x_wconf 88' lang='lat' dir='ltr'><strong>et</strong></span> <span class='ocrx_word' id='word_1_94' title='bbox 975 1849 1110 1937; x_wconf 86' lang='lat' dir='ltr'><strong>preconj</strong></span> <span class='ocrx_word' id='word_1_95' title='bbox 1127 1871 1188 1934; x_wconf 90' lang='lat' dir='ltr'><strong>pro</strong></span> <span class='ocrx_word' id='word_1_96' title='bbox 1203 1849 1274 1916; x_wconf 91' lang='lat' dir='ltr'><strong>suis</strong></span> <span class='ocrx_word' id='word_1_97' title='bbox 1289 1849 1459 1918; x_wconf 84' lang='lat' dir='ltr'><strong>laboribus</strong></span> <span class='ocrx_word' id='word_1_98' title='bbox 1473 1859 1508 1917; x_wconf 86' lang='lat' dir='ltr'><strong>vt</strong></span> <span class='ocrx_word' id='word_1_99' title='bbox 1525 1852 1636 1936; x_wconf 87' lang='lat' dir='ltr'><strong>Supra</strong></span> 
     </span>
    </p>
   </div>
   <div class='ocr_carea' id='block_1_5' title="bbox 387 2057 1967 2266">
    <p class='ocr_par' dir='ltr' id='par_1_5' title="bbox 387 2057 1967 2266">
     <span class='ocr_line' id='line_1_12' title="bbox 389 2057 1965 2148; baseline 0.003 -26"><span class='ocrx_word' id='word_1_100' title='bbox 389 2069 482 2122; x_wconf 74' lang='lat' dir='ltr'><strong>otuu·</strong></span> <span class='ocrx_word' id='word_1_101' title='bbox 493 2085 573 2148; x_wconf 67' lang='lat' dir='ltr'><strong>qu0n5</strong></span> <span class='ocrx_word' id='word_1_102' title='bbox 700 2058 823 2128; x_wconf 89' lang='lat' dir='ltr'><strong>Obitus</strong></span> <span class='ocrx_word' id='word_1_103' title='bbox 835 2061 1004 2144; x_wconf 89' lang='lat' dir='ltr'><strong>quondam</strong></span> <span class='ocrx_word' id='word_1_104' title='bbox 1021 2059 1155 2126; x_wconf 89' lang='lat' dir='ltr'><strong>honesti</strong></span> <span class='ocrx_word' id='word_1_105' title='bbox 1170 2057 1232 2146; x_wconf 80' lang='lat' dir='ltr'><strong>virJ&#39;</strong></span> <span class='ocrx_word' id='word_1_106' title='bbox 1247 2059 1409 2126; x_wconf 90' lang='lat' dir='ltr'><strong>Iohannis</strong></span> <span class='ocrx_word' id='word_1_107' title='bbox 1422 2061 1583 2148; x_wconf 90' lang='lat' dir='ltr'><strong>Crommy</strong></span> <span class='ocrx_word' id='word_1_108' title='bbox 1598 2069 1632 2128; x_wconf 87' lang='lat' dir='ltr'><strong>et</strong></span> <span class='ocrx_word' id='word_1_109' title='bbox 1648 2059 1784 2128; x_wconf 87' lang='lat' dir='ltr'><strong>cristine</strong></span> <span class='ocrx_word' id='word_1_110' title='bbox 1800 2061 1965 2128; x_wconf 88' lang='lat' dir='ltr'><strong>meldrum</strong></span> 
     </span>
     <span class='ocr_line' id='line_1_13' title="bbox 387 2135 1967 2266; baseline 0.001 -37"><span class='ocrx_word' id='word_1_111' title='bbox 387 2135 585 2266; x_wconf 38' lang='lat' dir='ltr'><strong>&amp;mmm</strong></span> <span class='ocrx_word' id='word_1_112' title='bbox 614 2182 737 2248; x_wconf 88' lang='lat' dir='ltr'><strong>sponse</strong></span> <span class='ocrx_word' id='word_1_113' title='bbox 752 2183 812 2228; x_wconf 90' lang='lat' dir='ltr'><strong>sue</strong></span> <span class='ocrx_word' id='word_1_114' title='bbox 827 2180 968 2246; x_wconf 88' lang='lat' dir='ltr'><strong>quorum</strong></span> <span class='ocrx_word' id='word_1_115' title='bbox 985 2161 1235 2230; x_wconf 81' lang='lat' dir='ltr'><strong>anniuersarius</strong></span> <span class='ocrx_word' id='word_1_116' title='bbox 1251 2161 1426 2229; x_wconf 86' lang='lat' dir='ltr'><strong>annuatim</strong></span> <span class='ocrx_word' id='word_1_117' title='bbox 1440 2162 1662 2230; x_wconf 87' lang='lat' dir='ltr'><strong>celebrabitur</strong></span> <span class='ocrx_word' id='word_1_118' title='bbox 1677 2165 1719 2230; x_wconf 86' lang='lat' dir='ltr'><strong>ad</strong></span> <span class='ocrx_word' id='word_1_119' title='bbox 1735 2163 1841 2231; x_wconf 89' lang='lat' dir='ltr'><strong>altare</strong></span> <span class='ocrx_word' id='word_1_120' title='bbox 1857 2163 1967 2231; x_wconf 89' lang='lat' dir='ltr'><strong>sancti</strong></span> 
     </span>
    </p>
   </div>
   <div class='ocr_carea' id='block_1_6' title="bbox 388 2264 1968 3402">
    <p class='ocr_par' dir='ltr' id='par_1_6' title="bbox 388 2264 1966 2564">
     <span class='ocr_line' id='line_1_14' title="bbox 388 2264 1966 2384; baseline 0.001 -52"><span class='ocrx_word' id='word_1_121' title='bbox 388 2264 566 2384; x_wconf 50' lang='lat' dir='ltr'><strong>ffittnemel·</strong></span> <span class='ocrx_word' id='word_1_122' title='bbox 613 2265 771 2351; x_wconf 87' lang='lat' dir='ltr'><strong>nicholaij</strong></span> <span class='ocrx_word' id='word_1_123' title='bbox 803 2265 972 2332; x_wconf 87' lang='lat' dir='ltr'><strong>dominica</strong></span> <span class='ocrx_word' id='word_1_124' title='bbox 1008 2265 1161 2352; x_wconf 88' lang='lat' dir='ltr'><strong>proxima</strong></span> <span class='ocrx_word' id='word_1_125' title='bbox 1197 2267 1398 2333; x_wconf 85' lang='lat' dir='ltr'><strong>Immediate</strong></span> <span class='ocrx_word' id='word_1_126' title='bbox 1434 2275 1510 2352; x_wconf 92' lang='lat' dir='ltr'><strong>post</strong></span> <span class='ocrx_word' id='word_1_127' title='bbox 1548 2267 1844 2334; x_wconf 88' lang='lat' dir='ltr'><strong>conuersacionem</strong></span> <span class='ocrx_word' id='word_1_128' title='bbox 1877 2267 1966 2336; x_wconf 89' lang='lat' dir='ltr'><strong>beati</strong></span> 
     </span>
     <span class='ocr_line' id='line_1_15' title="bbox 388 2347 1964 2464; baseline 0.001 -26"><span class='ocrx_word' id='word_1_129' title='bbox 388 2347 546 2464; x_wconf 53' lang='grc' dir='ltr'>ψοῗὲιω,</span> <span class='ocrx_word' id='word_1_130' title='bbox 613 2371 704 2456; x_wconf 87' lang='lat' dir='ltr'><strong>pauli</strong></span> <span class='ocrx_word' id='word_1_131' title='bbox 732 2362 885 2455; x_wconf 62' lang='lat' dir='ltr'><strong>apostoli*</strong></span> <span class='ocrx_word' id='word_1_132' title='bbox 901 2390 961 2456; x_wconf 91' lang='lat' dir='ltr'><strong>per</strong></span> <span class='ocrx_word' id='word_1_133' title='bbox 986 2371 1179 2456; x_wconf 87' lang='lat' dir='ltr'><strong>capellanos</strong></span> <span class='ocrx_word' id='word_1_134' title='bbox 1205 2371 1337 2458; x_wconf 87' lang='lat' dir='ltr'><strong>collegij</strong></span> <span class='ocrx_word' id='word_1_135' title='bbox 1366 2373 1475 2439; x_wconf 87' lang='lat' dir='ltr'><strong>sancti</strong></span> <span class='ocrx_word' id='word_1_136' title='bbox 1502 2371 1660 2458; x_wconf 88' lang='lat' dir='ltr'><strong>nicholaij</strong></span> <span class='ocrx_word' id='word_1_137' title='bbox 1692 2373 1842 2440; x_wconf 89' lang='lat' dir='ltr'><strong>eiusdem</strong></span> <span class='ocrx_word' id='word_1_138' title='bbox 1870 2375 1964 2458; x_wconf 72' lang='lat' dir='ltr'><strong>bur.</strong></span> 
     </span>
     <span class='ocr_line' id='line_1_16' title="bbox 612 2473 1966 2564; baseline 0 -20"><span class='ocrx_word' id='word_1_139' title='bbox 612 2475 767 2544; x_wconf 80' lang='lat' dir='ltr'><strong>videlicet</strong></span> <span class='ocrx_word' id='word_1_140' title='bbox 783 2497 860 2543; x_wconf 90' lang='lat' dir='ltr'><strong>cum</strong></span> <span class='ocrx_word' id='word_1_141' title='bbox 882 2475 1023 2562; x_wconf 88' lang='lat' dir='ltr'><strong>placebo</strong></span> <span class='ocrx_word' id='word_1_142' title='bbox 1046 2487 1079 2543; x_wconf 89' lang='lat' dir='ltr'><strong>et</strong></span> <span class='ocrx_word' id='word_1_143' title='bbox 1103 2473 1208 2564; x_wconf 87' lang='lat' dir='ltr'><strong>dirige</strong></span> <span class='ocrx_word' id='word_1_144' title='bbox 1223 2477 1257 2543; x_wconf 91' lang='lat' dir='ltr'><strong>in</strong></span> <span class='ocrx_word' id='word_1_145' title='bbox 1274 2478 1415 2544; x_wconf 91' lang='lat' dir='ltr'><strong>sabbato</strong></span> <span class='ocrx_word' id='word_1_146' title='bbox 1432 2479 1478 2544; x_wconf 92' lang='lat' dir='ltr'><strong>Et</strong></span> <span class='ocrx_word' id='word_1_147' title='bbox 1494 2478 1599 2545; x_wconf 90' lang='lat' dir='ltr'><strong>missa</strong></span> <span class='ocrx_word' id='word_1_148' title='bbox 1615 2481 1656 2544; x_wconf 91' lang='lat' dir='ltr'><strong>de</strong></span> <span class='ocrx_word' id='word_1_149' title='bbox 1672 2489 1752 2546; x_wconf 89' lang='lat' dir='ltr'><strong>nota</strong></span> <span class='ocrx_word' id='word_1_150' title='bbox 1768 2477 1802 2544; x_wconf 94' lang='lat' dir='ltr'><strong>in</strong></span> <span class='ocrx_word' id='word_1_151' title='bbox 1819 2479 1966 2546; x_wconf 87' lang='lat' dir='ltr'><strong>crastino</strong></span> 
     </span>
    </p>

    <p class='ocr_par' dir='ltr' id='par_1_7' title="bbox 548 2579 1968 2774">
     <span class='ocr_line' id='line_1_17' title="bbox 548 2579 1968 2668; baseline -0.003 -16"><span class='ocrx_word' id='word_1_152' title='bbox 548 2640 554 2652; x_wconf 75' lang='grc'><em>,</em></span> <span class='ocrx_word' id='word_1_153' title='bbox 613 2601 689 2646; x_wconf 85' lang='lat' dir='ltr'><strong>cunr</strong></span> <span class='ocrx_word' id='word_1_154' title='bbox 715 2579 880 2666; x_wconf 85' lang='lat' dir='ltr'><strong>trigintali</strong></span> <span class='ocrx_word' id='word_1_155' title='bbox 906 2601 965 2666; x_wconf 90' lang='lat' dir='ltr'><strong>per</strong></span> <span class='ocrx_word' id='word_1_156' title='bbox 994 2581 1199 2648; x_wconf 88' lang='lat' dir='ltr'><strong>ebdomitam</strong></span> <span class='ocrx_word' id='word_1_157' title='bbox 1231 2592 1426 2668; x_wconf 89' lang='lat' dir='ltr'><strong>sequentem</strong></span> <span class='ocrx_word' id='word_1_158' title='bbox 1453 2593 1489 2649; x_wconf 93' lang='lat' dir='ltr'><strong>vt</strong></span> <span class='ocrx_word' id='word_1_159' title='bbox 1516 2581 1620 2649; x_wconf 90' lang='lat' dir='ltr'><strong>moris</strong></span> <span class='ocrx_word' id='word_1_160' title='bbox 1649 2593 1700 2650; x_wconf 94' lang='lat' dir='ltr'><strong>est</strong></span> <span class='ocrx_word' id='word_1_161' title='bbox 1732 2584 1778 2649; x_wconf 88' lang='lat' dir='ltr'><strong>Et</strong></span> <span class='ocrx_word' id='word_1_162' title='bbox 1808 2583 1968 2649; x_wconf 89' lang='lat' dir='ltr'><strong>collector</strong></span> 
     </span>
     <span class='ocr_line' id='line_1_18' title="bbox 612 2685 1967 2774; baseline 0.002 -22"><span class='ocrx_word' id='word_1_163' title='bbox 612 2685 778 2752; x_wconf 89' lang='lat' dir='ltr'><strong>dictorum</strong></span> <span class='ocrx_word' id='word_1_164' title='bbox 795 2685 1045 2771; x_wconf 84' lang='lat' dir='ltr'><strong>capellanorum</strong></span> <span class='ocrx_word' id='word_1_165' title='bbox 1061 2687 1118 2773; x_wconf 92' lang='lat' dir='ltr'><strong>qui</strong></span> <span class='ocrx_word' id='word_1_166' title='bbox 1134 2709 1194 2773; x_wconf 91' lang='lat' dir='ltr'><strong>pro</strong></span> <span class='ocrx_word' id='word_1_167' title='bbox 1209 2698 1360 2774; x_wconf 88' lang='lat' dir='ltr'><strong>ternpore</strong></span> <span class='ocrx_word' id='word_1_168' title='bbox 1375 2687 1475 2755; x_wconf 86' lang='lat' dir='ltr'><strong>luerit</strong></span> <span class='ocrx_word' id='word_1_169' title='bbox 1497 2687 1649 2756; x_wconf 88' lang='lat' dir='ltr'><strong>tabulam</strong></span> <span class='ocrx_word' id='word_1_170' title='bbox 1666 2709 1767 2773; x_wconf 91' lang='lat' dir='ltr'><strong>super</strong></span> <span class='ocrx_word' id='word_1_171' title='bbox 1782 2688 1967 2755; x_wconf 88' lang='lat' dir='ltr'><strong>monimen·</strong></span> 
     </span>
    </p>

    <p class='ocr_par' dir='ltr' id='par_1_8' title="bbox 611 2789 1967 2878">
     <span class='ocr_line' id='line_1_19' title="bbox 611 2789 1967 2878; baseline 0.004 -23"><span class='ocrx_word' id='word_1_172' title='bbox 611 2798 685 2857; x_wconf 88' lang='lat' dir='ltr'><strong>turn</strong></span> <span class='ocrx_word' id='word_1_173' title='bbox 701 2789 825 2856; x_wconf 89' lang='lat' dir='ltr'><strong>locabit</strong></span> <span class='ocrx_word' id='word_1_174' title='bbox 841 2799 875 2855; x_wconf 91' lang='lat' dir='ltr'><strong>et</strong></span> <span class='ocrx_word' id='word_1_175' title='bbox 891 2789 1070 2858; x_wconf 88' lang='lat' dir='ltr'><strong>luminaria</strong></span> <span class='ocrx_word' id='word_1_176' title='bbox 1086 2792 1235 2858; x_wconf 91' lang='lat' dir='ltr'><strong>inueniet</strong></span> <span class='ocrx_word' id='word_1_177' title='bbox 1256 2793 1321 2860; x_wconf 91' lang='lat' dir='ltr'><strong>Pro</strong></span> <span class='ocrx_word' id='word_1_178' title='bbox 1337 2793 1458 2878; x_wconf 93' lang='lat' dir='ltr'><strong>quibus</strong></span> <span class='ocrx_word' id='word_1_179' title='bbox 1473 2793 1554 2860; x_wconf 93' lang='lat' dir='ltr'><strong>dicti</strong></span> <span class='ocrx_word' id='word_1_180' title='bbox 1570 2793 1737 2878; x_wconf 86' lang='lat' dir='ltr'><strong>capellanj</strong></span> <span class='ocrx_word' id='word_1_181' title='bbox 1755 2793 1967 2860; x_wconf 83' lang='lat' dir='ltr'><strong>infeodantur</strong></span> 
     </span>
    </p>

    <p class='ocr_par' dir='ltr' id='par_1_9' title="bbox 612 2893 1966 2981">
     <span class='ocr_line' id='line_1_20' title="bbox 612 2893 1966 2981; baseline 0 -19"><span class='ocrx_word' id='word_1_182' title='bbox 612 2893 653 2962; x_wconf 91' lang='lat' dir='ltr'><strong>de</strong></span> <span class='ocrx_word' id='word_1_183' title='bbox 668 2915 734 2961; x_wconf 90' lang='lat' dir='ltr'><strong>vno</strong></span> <span class='ocrx_word' id='word_1_184' title='bbox 750 2915 862 2962; x_wconf 88' lang='lat' dir='ltr'><strong>annuo</strong></span> <span class='ocrx_word' id='word_1_185' title='bbox 878 2894 1009 2962; x_wconf 90' lang='lat' dir='ltr'><strong>redditu</strong></span> <span class='ocrx_word' id='word_1_186' title='bbox 1025 2893 1144 2980; x_wconf 57' lang='lat' dir='ltr'><strong>xxiiij«</strong></span> <span class='ocrx_word' id='word_1_187' title='bbox 1160 2895 1341 2962; x_wconf 89' lang='lat' dir='ltr'><strong>solidorum</strong></span> <span class='ocrx_word' id='word_1_188' title='bbox 1358 2896 1400 2962; x_wconf 92' lang='lat' dir='ltr'><strong>de</strong></span> <span class='ocrx_word' id='word_1_189' title='bbox 1415 2905 1488 2962; x_wconf 90' lang='lat' dir='ltr'><strong>tota</strong></span> <span class='ocrx_word' id='word_1_190' title='bbox 1503 2903 1537 2962; x_wconf 92' lang='lat' dir='ltr'><strong>et</strong></span> <span class='ocrx_word' id='word_1_191' title='bbox 1553 2895 1683 2981; x_wconf 83' lang='lat' dir='ltr'><strong>integra</strong></span> <span class='ocrx_word' id='word_1_192' title='bbox 1698 2905 1788 2962; x_wconf 87' lang='lat' dir='ltr'><strong>terra</strong></span> <span class='ocrx_word' id='word_1_193' title='bbox 1810 2895 1966 2962; x_wconf 87' lang='lat' dir='ltr'><strong>interiore</strong></span> 
     </span>
    </p>

    <p class='ocr_par' dir='ltr' id='par_1_10' title="bbox 612 2997 1966 3086">
     <span class='ocr_line' id='line_1_21' title="bbox 612 2997 1966 3086; baseline -0.001 -19"><span class='ocrx_word' id='word_1_194' title='bbox 612 3010 645 3067; x_wconf 93' lang='lat' dir='ltr'><strong>et</strong></span> <span class='ocrx_word' id='word_1_195' title='bbox 662 2999 827 3066; x_wconf 86' lang='lat' dir='ltr'><strong>anteriore</strong></span> <span class='ocrx_word' id='word_1_196' title='bbox 843 2997 1142 3086; x_wconf 88' lang='lat' dir='ltr'><strong>ipsius&#39;quondam</strong></span> <span class='ocrx_word' id='word_1_197' title='bbox 1167 2997 1330 3067; x_wconf 87' lang='lat' dir='ltr'><strong>Iohannis</strong></span> <span class='ocrx_word' id='word_1_198' title='bbox 1353 3001 1491 3068; x_wconf 88' lang='lat' dir='ltr'><strong>Iacente</strong></span> <span class='ocrx_word' id='word_1_199' title='bbox 1513 2999 1599 3068; x_wconf 84' lang='lat' dir='ltr'><strong>inira</strong></span> <span class='ocrx_word' id='word_1_200' title='bbox 1621 2999 1749 3068; x_wconf 90' lang='lat' dir='ltr'><strong>dictum</strong></span> <span class='ocrx_word' id='word_1_201' title='bbox 1773 2999 1915 3086; x_wconf 84' lang='lat' dir='ltr'><strong>burgum</strong></span> <span class='ocrx_word' id='word_1_202' title='bbox 1931 2999 1966 3066; x_wconf 94' lang='lat' dir='ltr'><strong>in</strong></span> 
     </span>
    </p>

    <p class='ocr_par' dir='ltr' id='par_1_11' title="bbox 611 3088 1965 3192">
     <span class='ocr_line' id='line_1_22' title="bbox 611 3088 1965 3192; baseline -0.001 -20"><span class='ocrx_word' id='word_1_203' title='bbox 611 3105 686 3172; x_wconf 86' lang='lat' dir='ltr'><strong>vico</strong></span> <span class='ocrx_word' id='word_1_204' title='bbox 715 3105 884 3172; x_wconf 82' lang='lat' dir='ltr'><strong>turcarum</strong></span> <span class='ocrx_word' id='word_1_205' title='bbox 914 3127 955 3172; x_wconf 88' lang='lat' dir='ltr'><strong>ex</strong></span> <span class='ocrx_word' id='word_1_206' title='bbox 984 3088 1185 3174; x_wconf 86' lang='lat' dir='ltr'><strong>occidentali</strong></span> <span class='ocrx_word' id='word_1_207' title='bbox 1215 3114 1310 3192; x_wconf 84' lang='lat' dir='ltr'><strong>parte</strong></span> <span class='ocrx_word' id='word_1_208' title='bbox 1343 3105 1494 3172; x_wconf 89' lang='lat' dir='ltr'><strong>eiusdem</strong></span> <span class='ocrx_word' id='word_1_209' title='bbox 1524 3105 1612 3172; x_wconf 89' lang='lat' dir='ltr'><strong>inter</strong></span> <span class='ocrx_word' id='word_1_210' title='bbox 1640 3115 1765 3174; x_wconf 88' lang='lat' dir='ltr'><strong>terram</strong></span> <span class='ocrx_word' id='word_1_211' title='bbox 1796 3105 1965 3191; x_wconf 86' lang='lat' dir='ltr'><strong>quondam</strong></span> 
     </span>
    </p>

    <p class='ocr_par' dir='ltr' id='par_1_12' title="bbox 614 3207 1964 3297">
     <span class='ocr_line' id='line_1_23' title="bbox 614 3207 1964 3297; baseline -0.001 -21"><span class='ocrx_word' id='word_1_212' title='bbox 614 3209 777 3277; x_wconf 90' lang='lat' dir='ltr'><strong>Iohannis</strong></span> <span class='ocrx_word' id='word_1_213' title='bbox 800 3209 913 3295; x_wconf 89' lang='lat' dir='ltr'><strong>mylne</strong></span> <span class='ocrx_word' id='word_1_214' title='bbox 939 3231 980 3277; x_wconf 84' lang='lat' dir='ltr'><strong>ex</strong></span> <span class='ocrx_word' id='word_1_215' title='bbox 1006 3210 1130 3278; x_wconf 87' lang='lat' dir='ltr'><strong>boreali</strong></span> <span class='ocrx_word' id='word_1_216' title='bbox 1160 3232 1202 3278; x_wconf 88' lang='lat' dir='ltr'><strong>ex</strong></span> <span class='ocrx_word' id='word_1_217' title='bbox 1226 3231 1293 3278; x_wconf 89' lang='lat' dir='ltr'><strong>vna</strong></span> <span class='ocrx_word' id='word_1_218' title='bbox 1322 3219 1356 3277; x_wconf 89' lang='lat' dir='ltr'><strong>et</strong></span> <span class='ocrx_word' id='word_1_219' title='bbox 1386 3219 1511 3277; x_wconf 88' lang='lat' dir='ltr'><strong>terram</strong></span> <span class='ocrx_word' id='word_1_220' title='bbox 1542 3209 1803 3297; x_wconf 79' lang='lat' dir='ltr'><strong>capellanorum</strong></span> <span class='ocrx_word' id='word_1_221' title='bbox 1833 3207 1964 3294; x_wconf 86' lang='lat' dir='ltr'><strong>collegij</strong></span> 
     </span>
    </p>

    <p class='ocr_par' dir='ltr' id='par_1_13' title="bbox 612 3313 1966 3402">
     <span class='ocr_line' id='line_1_24' title="bbox 612 3313 1966 3402; baseline -0.002 -20"><span class='ocrx_word' id='word_1_222' title='bbox 612 3315 753 3382; x_wconf 88' lang='lat' dir='ltr'><strong>ecclesie</strong></span> <span class='ocrx_word' id='word_1_223' title='bbox 769 3313 974 3384; x_wconf 86' lang='lat' dir='ltr'><strong>cathedralis</strong></span> <span class='ocrx_word' id='word_1_224' title='bbox 989 3313 1221 3384; x_wconf 86' lang='lat' dir='ltr'><strong>abirdonensis</strong></span> <span class='ocrx_word' id='word_1_225' title='bbox 1237 3337 1278 3382; x_wconf 87' lang='lat' dir='ltr'><strong>ex</strong></span> <span class='ocrx_word' id='word_1_226' title='bbox 1293 3315 1434 3384; x_wconf 88' lang='lat' dir='ltr'><strong>australi</strong></span> <span class='ocrx_word' id='word_1_227' title='bbox 1449 3314 1604 3402; x_wconf 91' lang='lat' dir='ltr'><strong>partibus</strong></span> <span class='ocrx_word' id='word_1_228' title='bbox 1625 3317 1668 3383; x_wconf 85' lang='lat' dir='ltr'><strong>ab</strong></span> <span class='ocrx_word' id='word_1_229' title='bbox 1691 3315 1798 3382; x_wconf 86' lang='lat' dir='ltr'><strong>altera</strong></span> <span class='ocrx_word' id='word_1_230' title='bbox 1820 3323 1854 3382; x_wconf 92' lang='lat' dir='ltr'><strong>et</strong></span> <span class='ocrx_word' id='word_1_231' title='bbox 1877 3333 1966 3380; x_wconf 88' lang='lat' dir='ltr'><strong>com·</strong></span> 
     </span>
    </p>
   </div>
   <div class='ocr_carea' id='block_1_7' title="bbox 613 3417 1444 3504">
    <p class='ocr_par' dir='ltr' id='par_1_14' title="bbox 613 3417 1444 3504">
     <span class='ocr_line' id='line_1_25' title="bbox 613 3417 1444 3504; baseline 0 -18"><span class='ocrx_word' id='word_1_232' title='bbox 613 3441 733 3488; x_wconf 90' lang='lat' dir='ltr'><strong>munes</strong></span> <span class='ocrx_word' id='word_1_233' title='bbox 747 3417 820 3488; x_wconf 86' lang='lat' dir='ltr'><strong>vias</strong></span> <span class='ocrx_word' id='word_1_234' title='bbox 837 3417 963 3504; x_wconf 85' lang='lat' dir='ltr'><strong>Regias</strong></span> <span class='ocrx_word' id='word_1_235' title='bbox 977 3441 1095 3486; x_wconf 89' lang='lat' dir='ltr'><strong>versus</strong></span> <span class='ocrx_word' id='word_1_236' title='bbox 1110 3419 1222 3488; x_wconf 89' lang='lat' dir='ltr'><strong>oriens</strong></span> <span class='ocrx_word' id='word_1_237' title='bbox 1236 3429 1270 3488; x_wconf 90' lang='lat' dir='ltr'><strong>et</strong></span> <span class='ocrx_word' id='word_1_238' title='bbox 1286 3419 1444 3488; x_wconf 89' lang='lat' dir='ltr'><strong>occidens</strong></span> 
     </span>
    </p>
   </div>
   <div class='ocr_carea' id='block_1_8' title="bbox 389 3631 1968 3930">
    <p class='ocr_par' dir='ltr' id='par_1_15' title="bbox 389 3631 1968 3930">
     <span class='ocr_line' id='line_1_26' title="bbox 389 3631 1967 3719; baseline -0.004 -17"><span class='ocrx_word' id='word_1_239' title='bbox 389 3633 497 3688; x_wconf 71' lang='lat'><strong>¹0¹·90&#39;</strong></span> <span class='ocrx_word' id='word_1_240' title='bbox 699 3631 822 3700; x_wconf 89' lang='lat' dir='ltr'><strong>Obitus</strong></span> <span class='ocrx_word' id='word_1_241' title='bbox 851 3634 1021 3718; x_wconf 89' lang='lat' dir='ltr'><strong>quondam</strong></span> <span class='ocrx_word' id='word_1_242' title='bbox 1056 3633 1143 3700; x_wconf 88' lang='lat' dir='ltr'><strong>boue</strong></span> <span class='ocrx_word' id='word_1_243' title='bbox 1183 3631 1344 3700; x_wconf 90' lang='lat' dir='ltr'><strong>memorie</strong></span> <span class='ocrx_word' id='word_1_244' title='bbox 1373 3633 1543 3719; x_wconf 86' lang='lat' dir='ltr'><strong>quondam</strong></span> <span class='ocrx_word' id='word_1_245' title='bbox 1574 3641 1763 3718; x_wconf 86' lang='lat' dir='ltr'><strong>margarete</strong></span> <span class='ocrx_word' id='word_1_246' title='bbox 1793 3631 1905 3699; x_wconf 87' lang='lat' dir='ltr'><strong>Waus</strong></span> <span class='ocrx_word' id='word_1_247' title='bbox 1933 3637 1967 3696; x_wconf 92' lang='lat' dir='ltr'><strong>et</strong></span> 
     </span>
     <span class='ocr_line' id='line_1_27' title="bbox 390 3735 1968 3831; baseline -0.003 -24"><span class='ocrx_word' id='word_1_248' title='bbox 390 3765 484 3817; x_wconf 70' lang='lat' dir='ltr'><strong>onitu·</strong></span> <span class='ocrx_word' id='word_1_249' title='bbox 494 3779 575 3831; x_wconf 63' lang='lat' dir='ltr'><strong>qm.</strong></span> <span class='ocrx_word' id='word_1_250' title='bbox 613 3737 777 3806; x_wconf 89' lang='lat' dir='ltr'><strong>Iohannis</strong></span> <span class='ocrx_word' id='word_1_251' title='bbox 793 3737 940 3806; x_wconf 84' lang='lat' dir='ltr'><strong>menzeis</strong></span> <span class='ocrx_word' id='word_1_252' title='bbox 952 3759 1093 3824; x_wconf 91' lang='lat' dir='ltr'><strong>quorum</strong></span> <span class='ocrx_word' id='word_1_253' title='bbox 1109 3737 1360 3807; x_wconf 90' lang='lat' dir='ltr'><strong>anniuersarius</strong></span> <span class='ocrx_word' id='word_1_254' title='bbox 1376 3737 1552 3806; x_wconf 89' lang='lat' dir='ltr'><strong>annuatim</strong></span> <span class='ocrx_word' id='word_1_255' title='bbox 1568 3735 1791 3813; x_wconf 90' lang='lat' dir='ltr'><strong>celebrabitur</strong></span> <span class='ocrx_word' id='word_1_256' title='bbox 1801 3737 1844 3803; x_wconf 88' lang='lat' dir='ltr'><strong>ad</strong></span> <span class='ocrx_word' id='word_1_257' title='bbox 1860 3735 1968 3804; x_wconf 84' lang='lat' dir='ltr'><strong>altare</strong></span> 
     </span>
     <span class='ocr_line' id='line_1_28' title="bbox 389 3829 1968 3930; baseline -0.005 -16"><span class='ocrx_word' id='word_1_258' title='bbox 389 3829 529 3882; x_wconf 63' lang='lat' dir='ltr'><strong>&amp;arbone</strong></span> <span class='ocrx_word' id='word_1_259' title='bbox 612 3843 729 3912; x_wconf 88' lang='lat' dir='ltr'><strong>Sancti</strong></span> <span class='ocrx_word' id='word_1_260' title='bbox 755 3843 944 3930; x_wconf 90' lang='lat' dir='ltr'><strong>Sebastianj</strong></span> <span class='ocrx_word' id='word_1_261' title='bbox 972 3843 1161 3930; x_wconf 88' lang='lat' dir='ltr'><strong>primodie</strong></span> <span class='ocrx_word' id='word_1_262' title='bbox 1190 3843 1317 3912; x_wconf 87' lang='lat' dir='ltr'><strong>mensis</strong></span> <span class='ocrx_word' id='word_1_263' title='bbox 1349 3843 1496 3927; x_wconf 90' lang='lat' dir='ltr'><strong>lanuarij</strong></span> <span class='ocrx_word' id='word_1_264' title='bbox 1530 3841 1680 3928; x_wconf 85' lang='lat' dir='ltr'><strong>Singulis</strong></span> <span class='ocrx_word' id='word_1_265' title='bbox 1710 3840 1810 3908; x_wconf 90' lang='lat' dir='ltr'><strong>annis</strong></span> <span class='ocrx_word' id='word_1_266' title='bbox 1840 3843 1968 3927; x_wconf 90' lang='lat' dir='ltr'><strong>Imper-</strong></span> 
     </span>
    </p>
   </div>
   <div class='ocr_carea' id='block_1_9' title="bbox 389 3909 1967 4034">
    <p class='ocr_par' dir='ltr' id='par_1_16' title="bbox 389 3909 1967 4034">
     <span class='ocr_line' id='line_1_29' title="bbox 389 3909 1967 4034; baseline -0.001 -22"><span class='ocrx_word' id='word_1_267' title='bbox 389 3909 533 4027; x_wconf 52' lang='lat' dir='ltr'><strong>fflgffr&#39;eete</strong></span> <span class='ocrx_word' id='word_1_268' title='bbox 611 3957 749 4034; x_wconf 89' lang='lat' dir='ltr'><strong>petuum</strong></span> <span class='ocrx_word' id='word_1_269' title='bbox 774 3969 851 4014; x_wconf 89' lang='lat' dir='ltr'><strong>cum</strong></span> <span class='ocrx_word' id='word_1_270' title='bbox 868 3947 1017 4034; x_wconf 87' lang='lat' dir='ltr'><strong>exequiis</strong></span> <span class='ocrx_word' id='word_1_271' title='bbox 1040 3957 1249 4016; x_wconf 90' lang='lat' dir='ltr'><strong>mortuorum</strong></span> <span class='ocrx_word' id='word_1_272' title='bbox 1265 3947 1405 4034; x_wconf 88' lang='lat' dir='ltr'><strong>placebo</strong></span> <span class='ocrx_word' id='word_1_273' title='bbox 1421 3957 1455 4014; x_wconf 93' lang='lat' dir='ltr'><strong>et</strong></span> <span class='ocrx_word' id='word_1_274' title='bbox 1478 3945 1584 4032; x_wconf 86' lang='lat' dir='ltr'><strong>dirige</strong></span> <span class='ocrx_word' id='word_1_275' title='bbox 1602 3945 1636 4012; x_wconf 93' lang='lat' dir='ltr'><strong>in</strong></span> <span class='ocrx_word' id='word_1_276' title='bbox 1652 3955 1752 4014; x_wconf 89' lang='lat' dir='ltr'><strong>nocte</strong></span> <span class='ocrx_word' id='word_1_277' title='bbox 1774 3945 1967 4030; x_wconf 87' lang='lat' dir='ltr'><strong>precedenti</strong></span> 
     </span>
    </p>
   </div>
   <div class='ocr_carea' id='block_1_10' title="bbox 389 4027 1968 4560">
    <p class='ocr_par' dir='ltr' id='par_1_17' title="bbox 389 4027 1968 4560">
     <span class='ocr_line' id='line_1_30' title="bbox 390 4027 1968 4144; baseline -0.003 -23"><span class='ocrx_word' id='word_1_278' title='bbox 390 4027 515 4144; x_wconf 54' lang='lat' dir='ltr'><strong>ffln‘ss</strong></span> <span class='ocrx_word' id='word_1_279' title='bbox 610 4051 757 4120; x_wconf 90' lang='lat' dir='ltr'><strong>cantatis</strong></span> <span class='ocrx_word' id='word_1_280' title='bbox 772 4073 832 4138; x_wconf 90' lang='lat' dir='ltr'><strong>per</strong></span> <span class='ocrx_word' id='word_1_281' title='bbox 847 4053 1011 4120; x_wconf 89' lang='lat' dir='ltr'><strong>Curatum</strong></span> <span class='ocrx_word' id='word_1_282' title='bbox 1027 4061 1061 4120; x_wconf 88' lang='lat' dir='ltr'><strong>et</strong></span> <span class='ocrx_word' id='word_1_283' title='bbox 1077 4053 1271 4138; x_wconf 89' lang='lat' dir='ltr'><strong>capellanos</strong></span> <span class='ocrx_word' id='word_1_284' title='bbox 1287 4051 1428 4138; x_wconf 87' lang='lat' dir='ltr'><strong>Collegij</strong></span> <span class='ocrx_word' id='word_1_285' title='bbox 1453 4051 1685 4120; x_wconf 87' lang='lat' dir='ltr'><strong>abirdonensis</strong></span> <span class='ocrx_word' id='word_1_286' title='bbox 1700 4071 1779 4118; x_wconf 91' lang='lat' dir='ltr'><strong>cum</strong></span> <span class='ocrx_word' id='word_1_287' title='bbox 1798 4049 1904 4117; x_wconf 84' lang='lat' dir='ltr'><strong>missa</strong></span> <span class='ocrx_word' id='word_1_288' title='bbox 1926 4051 1968 4116; x_wconf 89' lang='lat' dir='ltr'><strong>de</strong></span> 
     </span>
     <span class='ocr_line' id='line_1_31' title="bbox 389 4153 1968 4274; baseline -0.004 -48"><span class='ocrx_word' id='word_1_289' title='bbox 389 4157 576 4274; x_wconf 50' lang='lat' dir='ltr'><strong>{aequaeuam-</strong></span> <span class='ocrx_word' id='word_1_290' title='bbox 610 4168 692 4225; x_wconf 87' lang='lat' dir='ltr'><strong>nota</strong></span> <span class='ocrx_word' id='word_1_291' title='bbox 715 4167 749 4225; x_wconf 90' lang='lat' dir='ltr'><strong>et</strong></span> <span class='ocrx_word' id='word_1_292' title='bbox 773 4157 937 4244; x_wconf 87' lang='lat' dir='ltr'><strong>trigintali</strong></span> <span class='ocrx_word' id='word_1_293' title='bbox 962 4158 1142 4226; x_wconf 90' lang='lat' dir='ltr'><strong>missarum</strong></span> <span class='ocrx_word' id='word_1_294' title='bbox 1167 4179 1226 4243; x_wconf 91' lang='lat' dir='ltr'><strong>per</strong></span> <span class='ocrx_word' id='word_1_295' title='bbox 1250 4157 1456 4226; x_wconf 88' lang='lat' dir='ltr'><strong>ebdomitam</strong></span> <span class='ocrx_word' id='word_1_296' title='bbox 1484 4165 1681 4244; x_wconf 89' lang='lat' dir='ltr'><strong>sequentem</strong></span> <span class='ocrx_word' id='word_1_297' title='bbox 1705 4175 1765 4240; x_wconf 93' lang='lat' dir='ltr'><strong>pro</strong></span> <span class='ocrx_word' id='word_1_298' title='bbox 1789 4153 1968 4222; x_wconf 85' lang='lat' dir='ltr'><strong>animabus</strong></span> 
     </span>
     <span class='ocr_line' id='line_1_32' title="bbox 398 4237 1967 4349; baseline -0.006 -16"><span class='ocrx_word' id='word_1_299' title='bbox 398 4237 507 4290; x_wconf 57' lang='lat' dir='ltr'><strong>”W</strong></span> <span class='ocrx_word' id='word_1_300' title='bbox 611 4263 777 4332; x_wconf 91' lang='lat' dir='ltr'><strong>dictorum</strong></span> <span class='ocrx_word' id='word_1_301' title='bbox 805 4261 967 4332; x_wconf 89' lang='lat' dir='ltr'><strong>Iohannis</strong></span> <span class='ocrx_word' id='word_1_302' title='bbox 996 4271 1030 4330; x_wconf 91' lang='lat' dir='ltr'><strong>et</strong></span> <span class='ocrx_word' id='word_1_303' title='bbox 1061 4271 1250 4349; x_wconf 87' lang='lat' dir='ltr'><strong>margarete</strong></span> <span class='ocrx_word' id='word_1_304' title='bbox 1277 4283 1414 4330; x_wconf 91' lang='lat' dir='ltr'><strong>suorum</strong></span> <span class='ocrx_word' id='word_1_305' title='bbox 1444 4269 1623 4349; x_wconf 88' lang='lat' dir='ltr'><strong>parentum</strong></span> <span class='ocrx_word' id='word_1_306' title='bbox 1653 4259 1906 4328; x_wconf 89' lang='lat' dir='ltr'><strong>benefactorum</strong></span> <span class='ocrx_word' id='word_1_307' title='bbox 1933 4265 1967 4325; x_wconf 89' lang='lat' dir='ltr'><strong>et</strong></span> 
     </span>
     <span class='ocr_line' id='line_1_33' title="bbox 611 4361 1966 4452; baseline -0.003 -20"><span class='ocrx_word' id='word_1_308' title='bbox 611 4365 762 4432; x_wconf 91' lang='lat' dir='ltr'><strong>omnium</strong></span> <span class='ocrx_word' id='word_1_309' title='bbox 779 4365 926 4432; x_wconf 86' lang='lat' dir='ltr'><strong>fidelium</strong></span> <span class='ocrx_word' id='word_1_310' title='bbox 940 4365 1173 4434; x_wconf 77' lang='lat' dir='ltr'><strong>defunctorum</strong></span> <span class='ocrx_word' id='word_1_311' title='bbox 1191 4367 1334 4452; x_wconf 89' lang='lat' dir='ltr'><strong>Insuper</strong></span> <span class='ocrx_word' id='word_1_312' title='bbox 1345 4363 1426 4432; x_wconf 90' lang='lat' dir='ltr'><strong>dicti</strong></span> <span class='ocrx_word' id='word_1_313' title='bbox 1441 4363 1608 4450; x_wconf 71' lang='lat' dir='ltr'><strong>capellani</strong></span> <span class='ocrx_word' id='word_1_314' title='bbox 1625 4361 1802 4430; x_wconf 88' lang='lat' dir='ltr'><strong>annuatim</strong></span> <span class='ocrx_word' id='word_1_315' title='bbox 1813 4361 1966 4430; x_wconf 84' lang='lat' dir='ltr'><strong>tabulam</strong></span> 
     </span>
     <span class='ocr_line' id='line_1_34' title="bbox 611 4461 1967 4560; baseline -0.004 -20"><span class='ocrx_word' id='word_1_316' title='bbox 611 4473 746 4541; x_wconf 90' lang='lat' dir='ltr'><strong>solitam</strong></span> <span class='ocrx_word' id='word_1_317' title='bbox 763 4473 981 4560; x_wconf 90' lang='lat' dir='ltr'><strong>choopertam</strong></span> <span class='ocrx_word' id='word_1_318' title='bbox 998 4471 1173 4540; x_wconf 89' lang='lat' dir='ltr'><strong>situabunt</strong></span> <span class='ocrx_word' id='word_1_319' title='bbox 1194 4493 1294 4558; x_wconf 92' lang='lat' dir='ltr'><strong>super</strong></span> <span class='ocrx_word' id='word_1_320' title='bbox 1315 4471 1561 4540; x_wconf 90' lang='lat' dir='ltr'><strong>monimentum</strong></span> <span class='ocrx_word' id='word_1_321' title='bbox 1580 4471 1763 4538; x_wconf 89' lang='lat' dir='ltr'><strong>eorundem</strong></span> <span class='ocrx_word' id='word_1_322' title='bbox 1786 4461 1967 4536; x_wconf 87' lang='lat' dir='ltr'><strong>luminaria</strong></span> 
     </span>
    </p>
   </div>
   <div class='ocr_carea' id='block_1_11' title="bbox 612 4571 1967 4660">
    <p class='ocr_par' dir='ltr' id='par_1_18' title="bbox 612 4571 1967 4660">
     <span class='ocr_line' id='line_1_35' title="bbox 612 4571 1967 4660; baseline -0.008 -12"><span class='ocrx_word' id='word_1_323' title='bbox 612 4577 719 4648; x_wconf 83' lang='lat' dir='ltr'><strong>Solita</strong></span> <span class='ocrx_word' id='word_1_324' title='bbox 749 4577 922 4646; x_wconf 90' lang='lat' dir='ltr'><strong>inuenient</strong></span> <span class='ocrx_word' id='word_1_325' title='bbox 949 4586 987 4646; x_wconf 89' lang='lat' dir='ltr'><strong>ut</strong></span> <span class='ocrx_word' id='word_1_326' title='bbox 1017 4577 1121 4646; x_wconf 89' lang='lat' dir='ltr'><strong>moris</strong></span> <span class='ocrx_word' id='word_1_327' title='bbox 1150 4586 1202 4657; x_wconf 78' lang='lat' dir='ltr'><strong>est</strong></span> <span class='ocrx_word' id='word_1_328' title='bbox 1232 4576 1267 4644; x_wconf 95' lang='lat' dir='ltr'><strong>in</strong></span> <span class='ocrx_word' id='word_1_329' title='bbox 1296 4575 1488 4644; x_wconf 87' lang='lat' dir='ltr'><strong>huiusmodi</strong></span> <span class='ocrx_word' id='word_1_330' title='bbox 1513 4571 1752 4645; x_wconf 85' lang='lat' dir='ltr'><strong>anniuersariis</strong></span> <span class='ocrx_word' id='word_1_331' title='bbox 1779 4573 1967 4660; x_wconf 86' lang='lat' dir='ltr'><strong>Ceteraque</strong></span> 
     </span>
    </p>
   </div>
   <div class='ocr_carea' id='block_1_12' title="bbox 0 0 2234 5984">
    <p class='ocr_par' dir='ltr' id='par_1_19' title="bbox 0 0 2234 5984">
     <span class='ocr_line' id='line_1_36' title="bbox 0 0 2234 5984; baseline 0 0"><span class='ocrx_word' id='word_1_332' title='bbox 0 0 2234 5984; x_wconf 95' lang='lat' dir='ltr'><strong> </strong></span> 
     </span>
    </p>
   </div>
  </div>
 </body>
</html>
