4488 5996
641 679 705 762 238
1050 681 1212 748 Fuudetio
1232 691 1406 770 margarete
1428 685 1590 771 Crausurd

639 851 768 920 vsualis
782 863 918 920 monete
933 854 1051 922 Scocie
1066 877 1107 920 ex
1122 877 1198 922 meo
1216 857 1351 941 proprio
1367 868 1553 942 conquestu
1568 867 1801 943 recuperatum
1822 855 1999 924 annuatim

641 967 820 1024 exeuntem
836 967 869 1024 et
886 958 1067 1025 leuandum
1083 961 1124 1026 de
1139 960 1243 1026 fundo
1264 960 1374 1027 tocius
1389 972 1423 1027 et
1445 962 1574 1048 integre
1596 972 1684 1028 terre
1705 961 1874 1028 interioris
1895 959 1998 1028 dauid

638 1060 778 1128 theman
805 1063 963 1129 aurifabri
990 1063 1166 1148 burgensis
1193 1063 1273 1130 dicti
1301 1066 1395 1151 bur·
1423 1067 1561 1132 Iacente
1586 1067 1673 1132 inim
1699 1068 1843 1134 eundem
1866 1065 1901 1132 in
1919 1064 1996 1132 vico

636 1167 765 1234 caustri
795 1191 836 1234 ex
866 1169 1006 1236 australi
1036 1179 1131 1253 parte
1164 1169 1314 1236 eiusdem
1344 1171 1409 1238 vici
1440 1171 1528 1238 inter
1555 1182 1664 1238 terras
1694 1171 1856 1238 Richardi
1883 1170 1995 1238 vricht

636 1269 776 1338 villelmi
794 1271 960 1338 Rollande
975 1281 1009 1338 et
1024 1275 1194 1356 quondam
1221 1274 1384 1340 Iohannis
1406 1275 1568 1342 Sanclare
1590 1295 1631 1342 ex
1653 1275 1807 1342 orientali
1823 1295 1864 1340 ex
1878 1295 1945 1340 vna
1960 1281 1994 1338 et

636 1382 762 1442 terram
789 1379 958 1461 quondam
991 1377 1154 1444 Iohannis
1179 1389 1309 1444 vormet
1340 1399 1380 1444 ex
1409 1379 1610 1446 occidentali
1640 1379 1792 1465 partibus
1818 1381 1861 1446 ab
1887 1378 1994 1446 altera

635 1487 759 1546 terram
788 1481 906 1548 thome
935 1503 1036 1548 vauss
1065 1503 1183 1549 versus
1214 1485 1350 1550 boream
1379 1485 1615 1552 extendentem
1645 1484 1680 1550 in
1710 1482 1919 1568 longitudine
1949 1483 1992 1548 ad

635 1590 819 1650 torrentem
836 1593 954 1650 sancte
969 1583 1132 1650 trinitatis
1146 1605 1264 1651 versus
1279 1595 1433 1652 austrum
1454 1585 1619 1654 TENEN
1624 1587 1732 1653 DUM
1750 1596 1783 1652 et
1799 1585 1992 1652 habendum

634 1695 745 1754 totum
772 1697 805 1754 et
832 1687 1000 1773 integrum
1027 1689 1155 1756 dictum
1186 1711 1336 1756 annuum
1367 1689 1535 1758 redditum
1566 1711 1643 1758 cum
1674 1689 1745 1758 suis
1774 1687 1991 1774 pertinenciis

634 1791 763 1877 prelato
786 1805 904 1860 curato
926 1804 960 1860 et
984 1793 1168 1879 capellanis
1191 1817 1232 1862 ac
1255 1795 1326 1862 suis
1349 1795 1599 1864 successoribus
1614 1794 1741 1862 curatis
1756 1803 1789 1860 et
1805 1791 1990 1878 capellanis

634 1895 714 1981 dictj
733 1897 825 1964 chori
842 1919 862 1964 a
878 1909 981 1965 meet
997 1899 1175 1966 heredibus
1198 1898 1283 1966 meis
1306 1899 1340 1966 in
1363 1921 1482 1984 puram
1505 1909 1539 1966 et
1562 1909 1759 1984 perpetuam
1775 1895 1988 1964 elimosinam

409 2007 457 2058 nec
467 2015 610 2062 emenone
635 2003 888 2088 Imperpetuum
917 2005 1004 2070 Cum
1034 2003 1126 2070 omni
1158 2005 1236 2070 Iure
1266 2015 1299 2072 et
1331 2005 1419 2072 Iuris
1445 2005 1575 2072 clamen
1601 2025 1641 2072 ac
1666 2025 1745 2072 cum
1770 2001 1928 2070 omnibus
1954 2009 1988 2066 et

408 2083 559 2192 ffiiiffle
635 2107 785 2192 Singulis
808 2107 1019 2175 libertatibus
1040 2109 1347 2176 Commoditatibus
1370 2119 1403 2176 et
1420 2109 1619 2177 aelementis
1634 2131 1673 2176 ac
1691 2107 1790 2176 iustis
1813 2106 1892 2175 Suis
1915 2125 1987 2190 per·

406 2205 520 2321 rlffli
632 2211 790 2278 tinenciis
811 2213 1064 2298 quibuscunque
1087 2215 1130 2280 ad
1153 2213 1281 2280 dictum
1305 2235 1455 2282 annuum
1478 2215 1646 2284 redditum
1670 2235 1747 2280 cum
1770 2209 1988 2298 pertinenciis

407 2334 448 2384 vio
460 2335 544 2402 mariq·
632 2319 865 2403 spectantibus
881 2321 948 2387 Seu
964 2321 1051 2386 iuste
1074 2331 1227 2406 spectare
1242 2321 1432 2390 valentibus
1453 2321 1705 2407 quomodolibet
1721 2321 1755 2386 in
1770 2321 1921 2386 futurum
1936 2318 1986 2383 Ac

407 2401 577 2530 ffiffiie
632 2423 834 2508 capiendum
855 2425 1032 2492 annuatim
1055 2435 1090 2492 et
1113 2426 1294 2494 latrandum
1316 2427 1357 2493 de
1379 2437 1452 2496 tota
1474 2435 1507 2494 et
1530 2427 1662 2512 integra
1685 2425 1776 2494 diota
1797 2434 1887 2492 terra
1909 2443 1986 2488 cum

406 2530 459 2581 thie
468 2547 501 2581 xx
510 2531 608 2584 solidos
632 2527 849 2612 pertinenciis
864 2532 907 2596 ad
919 2531 1003 2596 duos
1019 2529 1099 2596 anni
1114 2529 1277 2598 terminos
1291 2531 1427 2598 venales
1442 2531 1648 2616 pentiooetes
1658 2529 1814 2596 videlicet
1829 2537 1863 2594 et
1876 2525 1986 2594 sancti

632 2633 767 2718 martinj
785 2634 819 2699 in
842 2655 939 2720 yeme
954 2657 1014 2720 per
1028 2636 1165 2720 equales
1187 2635 1364 2720 porciones
1383 2643 1417 2702 et
1431 2635 1466 2702 si
1493 2655 1651 2704 neccesse
1669 2633 1768 2702 luerit
1790 2629 1985 2701 huiusmodi

630 2745 755 2804 terram
772 2749 805 2805 et
817 2739 1047 2806 inhabitantes
1061 2742 1207 2806 eandem
1221 2761 1262 2808 ac
1277 2742 1365 2808 bona
1379 2761 1442 2808 sua
1454 2761 1514 2826 pro
1525 2741 1654 2826 pretato
1665 2758 1778 2808 annuo
1793 2736 1925 2804 redditu
1941 2735 1984 2804 ad

631 2863 753 2910 manus
775 2843 927 2930 proprias
949 2845 1079 2912 tociens
1102 2845 1262 2930 quociens
1283 2867 1369 2932 opus
1390 2845 1489 2914 fuerit
1512 2865 1651 2912 namare
1672 2855 1707 2912 et
1727 2842 1927 2926 distringere
1949 2849 1984 2906 et

630 2949 766 3014 eosdem
789 2949 960 3017 districtos
986 2973 1046 3036 pro
1072 2971 1132 3018 sue
1155 2949 1251 3018 libito
1274 2951 1459 3018 voluntatis
1485 2950 1661 3036 disponere
1687 2949 1760 3015 sine
1784 2965 1984 3034 quocunque

631 3051 719 3118 Iuris
740 3051 896 3120 ministro
915 3055 1009 3120 Adeo
1029 3055 1131 3122 libere
1152 3055 1299 3141 plenarie
1319 3055 1449 3141 integre
1470 3055 1652 3122 honorilice
1675 3056 1759 3121 bene
1781 3061 1815 3120 et
1841 3050 1876 3116 in
1899 3069 1983 3135 pace

629 3155 664 3222 in
687 3158 843 3226 omnibus
869 3168 902 3226 et
926 3181 986 3245 per
1007 3160 1121 3227 omnia
1143 3159 1230 3227 sicut
1245 3159 1375 3246 'aliquis
1402 3181 1535 3227 annuus
1558 3159 1709 3226 redditus
1731 3155 1873 3224 ecclesie
1897 3153 1982 3220 infra

628 3282 769 3346 regnum
792 3264 902 3330 scocie
925 3265 1025 3331 datur
1047 3265 1241 3336 conceditur
1258 3274 1317 3332 aut
1341 3265 1531 3349 possidetur
1553 3263 1626 3330 sine
1644 3260 1863 3330 reuocacione
1878 3259 1981 3326 recla-

628 3367 781 3434 macione
797 3378 856 3435 aut
872 3369 1139 3436 cmtradictione
1153 3370 1290 3455 aliquali
1306 3370 1372 3438 mei
1387 3371 1548 3438 heredum
1564 3386 1715 3436 meorum
1731 3366 1980 3450 assignatorum

627 3483 686 3538 aut
717 3473 859 3540 aliorum
891 3495 1167 3559 quorumcunque
1198 3476 1291 3543 PRO
1322 3475 1619 3562 QUOQUIDEM
1650 3472 1817 3540 ANNUO
1848 3467 1981 3536 redditu

626 3573 708 3642 dicti
723 3585 861 3642 curatus
883 3585 917 3643 et
940 3577 1107 3662 capellani
1129 3599 1169 3644 ac
1193 3577 1245 3644 sui
1269 3579 1490 3646 successores
1512 3575 1687 3644 annuatim
1711 3574 1929 3642 celebrabunt
1947 3580 1980 3638 et

624 3681 813 3748 cantabunt
828 3703 933 3748 vnum
948 3681 1215 3750 anniuersarium
1236 3683 1278 3748 ad
1301 3683 1408 3750 altare
1424 3682 1532 3766 sanctj
1549 3679 1714 3748 cristofori
1730 3676 1879 3746 martiris
1893 3675 1980 3742 infra

623 3786 766 3852 eandem
796 3786 961 3852 situatum
990 3785 1146 3854 videlicet
1176 3785 1335 3872 exequias
1365 3789 1598 3856 detunctorum
1631 3783 1740 3870 primo
1776 3783 1896 3850 sabato
1924 3781 1980 3847 die

624 3890 751 3958 mensis
771 3891 888 3976 marcij
905 3913 946 3958 ac
968 3890 1109 3958 missam
1128 3893 1169 3960 de
1191 3903 1273 3962 nota
1294 3892 1330 3960 in
1353 3892 1505 3977 proxima
1525 3889 1695 3960 dominica
1717 3889 1795 3956 inde
1817 3895 1979 3972 sequente

623 4015 700 4061 cum
724 3995 845 4062 ceteris
867 3995 983 4064 missis
1003 3996 1193 4082 trigenbalis
1215 4008 1263 4066 ut·
1277 3997 1380 4066 moris
1402 4007 1454 4064 est
1477 4017 1537 4082 per
1558 3995 1765 4066 ebdomitam
1780 3999 1977 4076 sequentem

621 4121 682 4184 pro
705 4101 823 4167 Salute
845 4100 958 4169 anime
975 4101 1063 4170 dicti
1079 4104 1248 4188 quondam
1269 4102 1441 4170 alexandri
1456 4104 1534 4170 rede
1550 4101 1585 4168 in
1600 4103 1743 4168 durante
1757 4097 1829 4166 vita
1844 4117 1921 4162 mea
1943 4103 1976 4160 et

620 4203 810 4271 animarum
848 4211 1026 4291 parentum
1063 4229 1217 4276 meorum
1254 4208 1443 4276 animarum
1482 4206 1708 4292 predictarum
1745 4223 1785 4270 ac
1823 4199 1975 4268 omnium

619 4308 768 4374 fidelium
799 4309 1032 4376 defunctorum
1064 4313 1112 4378 IN
1119 4311 1277 4378 SUPER
1307 4311 1476 4380 Collector
1504 4309 1686 4376 eorundem
1722 4305 1975 4391 capellanorum

616 4409 672 4494 qui
705 4431 766 4494 pro
794 4421 946 4495 ternpore
975 4411 1074 4478 tuerit
1105 4433 1283 4497 preconem
1314 4434 1391 4480 cum
1422 4433 1589 4496 campana
1619 4409 1747 4476 minore
1776 4427 1836 4492 per
1864 4415 1975 4472 totum

615 4512 758 4596 burgum
784 4512 892 4596 preire
913 4513 1013 4580 faciet
1040 4513 1074 4580 in
1101 4514 1191 4580 dicto
1215 4515 1268 4582 die
1291 4513 1507 4598 exequiarum
1531 4523 1568 4580 ut
1592 4511 1751 4579 incitetur
1772 4509 1917 4597 populus
1932 4509 1975 4574 ad

614 4618 861 4701 deprecandum
888 4639 948 4702 pro
972 4619 1090 4686 Salute
1113 4619 1302 4688 animarum
1326 4619 1553 4706 predictarum
1576 4618 1727 4686 tabulam
1752 4635 1852 4700 super
1868 4613 1975 4680 moni·
