4472 5992
593 691 636 776 38
918 691 920 696 ’
978 689 1076 761 carra
1090 685 1298 779 foedarim
1318 685 1431 758 Sancti
1452 687 1580 757 uinicm‘

593 863 665 932 suis
688 863 939 935 successoribus
955 864 1140 952 capellanis
1159 863 1331 953 perpetuis
1347 863 1497 931 eiusdem
1514 884 1534 930 a
1550 883 1604 929 me
1620 871 1653 930 et
1669 859 1849 929 heredibus
1869 858 1954 928 meis

593 969 628 1036 in
652 993 772 1058 puram
795 980 828 1039 et
852 980 1050 1058 perpetuam
1074 969 1296 1058 elymosinam
1322 971 1577 1055 Imperpetuum
1601 988 1678 1034 cum
1702 964 1794 1032 omni
1819 967 1896 1032 Iure
1919 974 1952 1032 et

595 1075 683 1164 Iuris
703 1077 832 1145 clameo
853 1099 893 1144 ac
915 1097 992 1144 cum
1014 1076 1170 1144 omnibus
1191 1085 1223 1143 et
1246 1075 1388 1162 singulis
1409 1072 1622 1142 libertatibus
1640 1069 1903 1139 comoditatibus
1918 1079 1951 1137 et

594 1180 804 1250 aisiamentis
826 1203 866 1250 ac
891 1181 995 1250 Iustis
1018 1181 1089 1250 suis
1111 1181 1328 1268 pertinenciis
1352 1179 1607 1266 quibuscunque
1627 1179 1670 1244 ad
1691 1177 1800 1244 dictos
1820 1195 1952 1242 annuos

594 1287 745 1354 redditus
757 1309 834 1356 cum
847 1287 1064 1375 pertinenciis
1080 1285 1312 1374 spectantibus
1328 1309 1387 1353 seu
1401 1287 1495 1353 Iuste
1507 1293 1660 1370 spectare
1671 1280 1862 1349 valentibus
1874 1301 1953 1366 quo·

594 1393 777 1462 modolibet
792 1393 826 1460 in
842 1395 991 1462 futurum
1015 1395 1108 1461 Adeo
1124 1393 1226 1462 libere
1243 1392 1391 1479 plenarie
1414 1392 1544 1478 integre
1567 1389 1750 1457 honorifice
1770 1390 1855 1455 bene
1870 1395 1903 1454 et
1919 1385 1953 1453 in

594 1519 677 1585 pace
688 1497 723 1566 in
735 1499 892 1568 omnibus
907 1510 941 1568 et
957 1521 1017 1587 per
1032 1499 1146 1567 omnia
1161 1498 1248 1566 sicut
1263 1497 1386 1584 aliquis
1401 1518 1535 1566 annuus
1550 1495 1701 1562 redditus
1715 1493 1801 1560 infra
1812 1513 1952 1578 regnum

594 1603 705 1672 scocie
726 1603 761 1671 in
784 1625 903 1692 puram
927 1615 960 1672 et
983 1615 1180 1692 perpetuam
1203 1603 1424 1690 elymosinam
1448 1605 1548 1670 datur
1565 1601 1760 1668 conceditur
1774 1609 1833 1667 aut
1849 1595 1955 1685 possi·

594 1709 692 1776 detur
718 1709 791 1778 sine
819 1710 1054 1778 Reuocacione
1076 1709 1315 1778 reclamatione
1342 1718 1401 1777 aut
1427 1705 1693 1776 contradictione
1722 1703 1860 1791 aliquali
1888 1701 1953 1769 mei

595 1814 755 1882 heredum
777 1837 928 1883 meorum
945 1826 1003 1883 aut
1020 1813 1269 1902 assignatorum
1286 1837 1345 1882 seu
1362 1814 1503 1882 aliorum
1520 1831 1795 1898 quorumcunque
1818 1807 1955 1876 nomine

595 1931 711 1988 nostro
723 1931 785 1990 aut
801 1944 842 1989 ex
857 1931 952 2008 parte
967 1932 1083 1990 nostra
1097 1921 1250 1990 iacienda
1267 1925 1344 1990 Iure
1360 1943 1441 1990 uero
1453 1929 1653 2008 patronatus
1664 1918 1754 1986 dicte
1769 1914 1956 2003 capellanie

594 2023 725 2092 tociens
750 2025 910 2112 quociens
936 2047 1057 2095 vacare
1087 2026 1265 2112 contigerit
1292 2026 1375 2094 mihi
1406 2036 1439 2093 et
1469 2023 1649 2092 heredibus
1679 2022 1763 2089 meis
1793 2019 1955 2088 masculis

593 2129 716 2198 lutaris
730 2133 939 2220 temporibus
961 2143 1158 2200 remanente
1182 2135 1228 2200 Et
1251 2133 1280 2200 si
1303 2131 1406 2219 aliqui
1430 2133 1590 2200 heredum
1614 2149 1766 2198 meorum
1785 2127 1955 2214 predictos

594 2255 726 2303 annuos
744 2237 894 2304 redditus
910 2233 943 2303 in
959 2247 1032 2304 toto
1047 2237 1099 2305 vel
1116 2237 1150 2304 in
1166 2249 1261 2324 parte
1277 2261 1297 2306 a
1313 2238 1403 2306 dicto
1421 2238 1597 2323 capellano
1613 2246 1646 2303 et
1662 2233 1733 2303 suis
1753 2232 1955 2301 successori·

595 2339 659 2408 bus
682 2341 907 2408 abstraxerint
935 2344 1023 2426 quod
1049 2341 1138 2410 absit
1164 2352 1246 2409 tunc
1272 2343 1372 2410 liceat
1399 2343 1536 2410 domino
1562 2341 1784 2410 diodecesano
1810 2337 1867 2425 qui
1894 2359 1954 2424 pro

595 2453 746 2530 tempore
768 2445 867 2513 fuerit
890 2445 982 2532 ipsos
1005 2445 1206 2514 auctoritate
1230 2469 1291 2514 sua
1314 2449 1514 2533 compellere
1537 2456 1570 2513 et
1593 2446 1627 2512 in
1651 2445 1763 2513 anime
1786 2465 1847 2510 sue
1869 2441 1954 2528 peri·
1979 2435 1988 2446 ”

595 2549 709 2618 culum
725 2571 830 2636 vsque
845 2553 888 2619 ad
904 2551 1089 2637 plenariam
1113 2552 1320 2620 solucionem
1336 2552 1425 2620 dicte
1441 2573 1573 2620 summe
1592 2549 1781 2618 faciendam
1797 2545 1954 2634 prosequi

595 2664 629 2721 et
645 2653 844 2741 distringere
865 2658 916 2724 Ad
933 2657 1021 2742 quod
1043 2655 1234 2726 faciendum
1250 2658 1362 2744 obligo
1378 2679 1432 2726 me
1447 2658 1588 2725 heredes
1603 2677 1697 2723 meos
1713 2665 1746 2722 et
1762 2653 1955 2740 assignatos

597 2760 789 2828 successiue
814 2779 874 2846 per
902 2781 1021 2828 omnes
1049 2773 1157 2830 terras
1182 2771 1216 2829 et
1243 2761 1475 2848 possessiones
1503 2771 1638 2828 nostras
1667 2760 1752 2826 inira
1782 2757 1952 2826 diocecem

596 2865 869 2933 Aberdonensem
891 2865 960 2932 iore
983 2865 1250 2952 distringendum
1272 2889 1331 2953 per
1347 2866 1555 2954 Episcopum
1570 2875 1629 2933 aut
1645 2861 1850 2932 ordinarium
1867 2861 1953 2931 abir-

597 2971 781 3038 donensem
797 2969 853 3056 qui
876 2993 936 3058 pro
951 2983 1102 3058 tempore
1117 2973 1215 3041 fuerit
1231 2995 1336 3060 vsque
1351 2977 1394 3042 ad
1410 2973 1595 3060 plenariam
1615 2971 1822 3040 solucionem
1838 2967 1955 3036 huius·

596 3073 686 3142 modi
716 3095 904 3162 annuorum
935 3077 1125 3146 reddituum
1158 3079 1288 3164 prelato
1324 3080 1498 3165 capellano
1533 3089 1566 3147 et
1602 3077 1672 3147 suis
1701 3075 1953 3146 successoribus

596 3181 795 3268 lutringenti
828 3203 907 3250 vero
937 3205 996 3250 seu
1026 3183 1060 3250 in
1091 3183 1204 3270 aliquo
1235 3184 1414 3271 infringere
1447 3183 1581 3270 putanti
1614 3193 1805 3270 presentem
1840 3201 1951 3248 meam

593 3283 797 3353 ordinarium
821 3307 862 3354 ac
885 3287 1069 3374 elymosine
1095 3289 1348 3357 concessionem
1372 3300 1405 3357 et
1429 3288 1723 3358 confirmacionem
1751 3286 1953 3356 auctoritate

591 3389 718 3456 domini
734 3391 841 3458 nostri
854 3392 957 3460 Ihesu
970 3393 1097 3462 Christi
1111 3397 1236 3463 Sancte
1252 3397 1371 3464 matris
1386 3395 1527 3464 ecclesie
1542 3405 1575 3463 et
1588 3394 1739 3462 omnium
1756 3403 1951 3460 sanctorum

590 3505 806 3581 acquantum
819 3497 1043 3566 committitur
1051 3501 1199 3568 humane
1212 3513 1363 3569 creature
1373 3505 1416 3570 ad
1426 3501 1695 3570 maledicendum
1707 3498 1954 3568 maledicantur

589 3611 623 3667 et
639 3599 732 3669 illam
757 3603 1029 3672 maledictionem
1046 3627 1147 3692 quam
1171 3617 1268 3694 pater
1290 3607 1392 3676 habet
1415 3607 1449 3673 in
1473 3607 1579 3674 filium
1602 3625 1730 3673 merere
1752 3603 1888 3672 valeant
1912 3623 1953 3671 ac

590 3707 785 3778 eternaliter
809 3709 981 3795 possidere
1005 3713 1051 3779 Et
1078 3735 1141 3800 ego
1169 3735 1248 3782 vero
1271 3713 1382 3782 dictus
1405 3714 1600 3782 Willelmus
1622 3711 1780 3780 dominus
1802 3711 1844 3778 de
1865 3709 1951 3796 lywe

590 3811 702 3899 obligo
725 3835 779 3882 me
802 3826 836 3882 et
859 3815 999 3885 heredes
1026 3839 1120 3886 meos
1142 3821 1185 3888 ad
1208 3819 1487 3887 varentiaandum
1515 3817 1755 3904 acquitandum
1783 3826 1817 3884 et
1840 3815 1951 3883 delen·

590 3919 737 3988 dandum
761 3941 879 3990 omnes
899 3932 933 3989 et
954 3923 1105 4009 singulos
1128 3945 1260 3994 annuos
1283 3924 1433 3994 redditus
1456 3945 1550 3992 meos
1572 3923 1756 4010 prolibatos
1779 3942 1857 3989 cum
1880 3919 1952 3987 suis'

590 4021 806 4108 pertinenciis
829 4025 939 4095 dictos
962 4029 1137 4115 capellano
1163 4041 1197 4098 et
1224 4029 1295 4099 suis
1322 4031 1572 4099 successoribus
1595 4030 1631 4096 in
1657 4029 1814 4097 omnibus
1836 4037 1872 4095 et
1892 4043 1954 4113 per

589 4127 703 4198 omnia
725 4141 764 4198 ut
787 4131 990 4218 premissum
1015 4145 1066 4202 est
1090 4145 1208 4203 contra
1230 4159 1349 4204 omnes
1374 4137 1535 4204 mortales
1561 4157 1621 4221 per
1645 4155 1764 4202 omnes
1786 4143 1894 4201 terras
1914 4139 1950 4198 et

591 4236 823 4320 possessiones
853 4239 995 4306 habetes
1026 4250 1060 4306 et
1090 4241 1264 4309 habendas
1298 4242 1455 4322 omnibus
1487 4243 1603 4308 fraude
1633 4249 1666 4307 et
1696 4239 1774 4307 dolo
1805 4237 1953 4306 Semotis

592 4339 632 4406 In
663 4339 759 4408 cuius
787 4341 850 4408 Rei
878 4343 1111 4411 testimonium
1139 4346 1217 4412 huic
1244 4348 1392 4432 presenti
1423 4357 1515 4414 carte
1546 4367 1620 4413 mee
1651 4344 1807 4432 Sigillum
1838 4363 1951 4410 meum

592 4443 789 4530 Appensum
821 4457 872 4514 est
902 4450 992 4534 apud
1015 4449 1174 4518 abirdene
1196 4453 1279 4538 xvij⁰
1302 4453 1356 4520 die
1379 4453 1507 4520 mensis
1529 4451 1673 4539 Augusti
1700 4453 1799 4517 Anno
1825 4445 1952 4516 domini

594 4547 774 4618 millesimo
797 4552 1128 4638 quadringentesimo
1149 4555 1370 4642 nonagesimo
1389 4559 1512 4626 Coram
1536 4555 1686 4642 prouidis
1701 4547 1954 4622 honorabilibus

595 4661 629 4722 et
658 4652 797 4723 tumosis
826 4655 909 4724 viris
940 4657 1089 4727 Domino
1120 4660 1272 4729 Iohanne
1302 4661 1488 4730 ruthirturd
1517 4664 1558 4729 de
1588 4661 1718 4728 terlane
1751 4657 1849 4727 militi
1879 4676 1952 4744 pre·
