4472 5992
626 717 668 768 20
1209 702 1402 788 Fragnnnta

625 887 758 942 vastam
776 877 948 942 Iacentem
962 875 995 940 in
1008 877 1126 942 eodem
1136 875 1211 942 vico
1226 875 1314 942 inter
1330 885 1454 942 terram
1472 871 1634 940 Iohannis
1651 871 1759 940 Gouis
1770 893 1810 938 ex
1822 883 1918 959 parte
1930 893 1983 940 oo-

625 981 784 1049 cidentali
801 992 834 1048 et
849 981 939 1049 viam
961 981 1088 1067 regiam
1105 1003 1145 1047 ex
1161 991 1257 1066 parte
1272 979 1427 1048 orientali
1446 981 1532 1046 Item
1554 989 1698 1065 quatuor
1718 977 1844 1046 solidos
1859 989 1892 1045 et
1909 977 1985 1064 iiijw

625 1085 781 1153 denarios
798 1087 840 1154 de
858 1096 949 1154 terra
970 1088 1087 1153 thome
1110 1085 1220 1152 litster
1244 1089 1382 1154 Iacente
1402 1107 1446 1153 on
1469 1087 1540 1170 [sie]
1563 1085 1637 1151 vico
1659 1083 1821 1169 superiori
1842 1085 1984 1151 ecclesie

624 1191 711 1258 inter
727 1201 850 1258 terram
875 1193 937 1259 ade
960 1191 1070 1258 litster
1085 1213 1126 1258 ex
1141 1201 1237 1277 parte
1252 1189 1377 1259 boreali
1393 1201 1426 1258 et
1442 1201 1566 1258 terram
1590 1190 1706 1256 thome
1728 1189 1816 1275 trayl
1832 1211 1872 1255 ex
1888 1199 1984 1275 parte

624 1295 763 1364 australi
783 1297 829 1362 Et
848 1295 952 1363 alium
974 1317 1124 1364 annuum
1147 1295 1314 1363 redditum
1335 1317 1393 1362 sex
1411 1295 1594 1363 solidorum
1616 1306 1649 1363 et
1670 1303 1747 1364 octo
1770 1293 1983 1362 denariorum

623 1403 664 1470 de
676 1412 766 1469 terra
782 1400 863 1468 dicti
878 1401 995 1468 thome
1010 1402 1096 1470 traal
1114 1403 1252 1468 Iacente
1263 1401 1298 1466 in
1310 1403 1428 1467 eodem
1440 1401 1514 1468 vico
1529 1401 1617 1467 inter
1633 1411 1758 1469 terram
1771 1399 1851 1468 dicti
1867 1401 1984 1467 thome

622 1505 732 1573 litster
746 1527 787 1572 ex
802 1517 898 1592 parte
918 1503 1042 1574 boreali
1058 1517 1092 1573 et
1108 1516 1232 1573 terram
1255 1505 1372 1572 thome
1390 1505 1467 1574 club
1483 1527 1523 1572 ex
1539 1517 1634 1592 parte
1657 1505 1797 1574 australi
1818 1507 1863 1573 Et
1878 1527 1982 1573 vnum

622 1631 773 1678 annuum
794 1609 962 1679 redditum
978 1611 1097 1697 viginti
1116 1609 1328 1678 denariorum
1344 1611 1386 1678 de
1400 1620 1489 1678 terra
1509 1611 1590 1678 dicti
1611 1612 1727 1680 thome
1747 1612 1825 1680 club
1847 1613 1984 1679 Iacente

621 1713 657 1782 in
686 1714 778 1784 dicto
805 1715 880 1784 vico
910 1715 998 1782 inter
1026 1725 1150 1784 terram
1180 1715 1296 1784 thome
1325 1715 1424 1784 tralle
1452 1737 1493 1784 ex
1523 1727 1617 1802 parte
1647 1715 1771 1785 boreali
1799 1727 1832 1784 et
1858 1729 1982 1786 terram

624 1819 786 1888 Iohannis
812 1841 893 1906 crag
922 1843 962 1887 ex
992 1831 1086 1906 parte
1112 1819 1252 1888 australi
1280 1821 1326 1887 Et
1348 1841 1452 1887 vnum
1482 1841 1633 1888 annuum
1664 1821 1831 1889 redditum
1859 1842 1982 1889 nouem

621 1924 804 1994 solidorum
826 1926 868 1993 de
887 1934 976 1993 terra
997 1923 1162 1993 Willelmi
1185 1947 1259 1992 mor
1282 1927 1420 1992 Iacente
1442 1923 1476 1990 in
1492 1925 1566 1992 vico
1589 1925 1727 1994 nauium
1751 1925 1839 1993 inter
1858 1937 1983 1994 terram

622 2033 745 2100 andree
766 2031 855 2118 alanj
875 2039 1029 2116 exparte
1050 2029 1250 2098 occidentali
1266 2039 1298 2098 et
1315 2029 1521 2097 antedictam
1545 2041 1668 2098 terram
1691 2053 1801 2098 meam
1825 2053 1866 2098 ex
1888 2041 1984 2118 parte

621 2135 775 2206 orientali
793 2139 839 2204 Et
854 2156 957 2203 vnum
974 2156 1124 2204 annuum
1140 2137 1307 2203 redditum
1324 2145 1454 2222 septem
1474 2135 1656 2204 solidorum
1673 2147 1706 2204 et
1722 2137 1754 2204 xi
1771 2137 1983 2206 denariorum

622 2243 663 2310 de
678 2251 766 2310 terra
783 2241 946 2310 Iohannis
959 2239 1067 2310 Gouis
1078 2241 1113 2307 in
1125 2240 1216 2309 dicto
1227 2240 1301 2308 vico
1314 2239 1402 2307 inter
1415 2241 1584 2327 predictas
1600 2252 1707 2309 terras
1723 2265 1816 2310 meas
1832 2265 1872 2309 ex
1888 2253 1984 2330 parte

622 2347 821 2416 occidentali
838 2357 940 2434 atque
956 2345 1110 2414 orientali
1127 2347 1173 2414 Et
1184 2368 1288 2413 vnum
1305 2367 1456 2414 annuum
1469 2347 1636 2415 redditum
1653 2347 1867 2434 quadriginta
1882 2350 1983 2442 dena·

621 2451 746 2521 riorum
771 2455 812 2522 de
836 2462 925 2520 terra
947 2451 1113 2520 Willelmi
1137 2453 1214 2520 club
1236 2451 1373 2538 pistoris
1400 2453 1538 2520 Iacente
1562 2475 1662 2540 super
1685 2453 1787 2521 tinem
1814 2454 1895 2522 dicti
1918 2453 1983 2522 vici

622 2557 761 2627 nauium
787 2557 876 2626 inter
900 2567 1025 2626 terram
1052 2560 1222 2644 quondam
1251 2557 1385 2644 gilberti
1415 2579 1554 2626 masone
1581 2582 1621 2626 ex
1648 2569 1743 2646 parte
1769 2559 1923 2628 orientali
1950 2569 1983 2626 et

622 2685 837 2732 communem
861 2661 951 2731 viam
977 2662 1104 2749 regiam
1128 2673 1287 2750 exparte
1313 2662 1514 2731 occidentali
1541 2667 1587 2731 Et
1607 2685 1711 2731 vnum
1737 2685 1887 2732 annuum
1912 2665 1983 2732 red·

622 2767 730 2838 ditum
758 2767 936 2837 tresdecim
959 2767 1141 2838 solidorum
1158 2778 1191 2836 et
1207 2767 1281 2854 iiij⁰¹
1307 2768 1519 2838 denariorum
1535 2771 1576 2838 de
1591 2779 1682 2838 terra
1697 2771 1829 2840 Andree
1852 2781 1925 2846 scot
1948 2769 1983 2838 in

622 2871 697 2941 vico
719 2870 864 2940 inferiori
888 2872 1029 2940 ecclesie
1051 2871 1139 2940 inter
1161 2881 1285 2965 terram
1309 2873 1454 2942 Walteri
1501 2924 1509 2941 .
1557 2923 1564 2941 .
1612 2923 1620 2941 .

1188 3064 1295 3134 Caura
1309 3065 1418 3134 desum

1151 3448 1451 3516 FRAGMENTA

1028 3639 1157 3706 Folium
1171 3641 1333 3728 septimum
1348 3641 1474 3707 omnino
1489 3641 1568 3708 deest

1287 3833 1316 3902 A

707 3977 807 4044 Carta
821 3972 999 4040 donacionis
1011 3979 1074 4040 octo
1086 3975 1371 4046 nnercornmnltari
1386 3976 1542 4042 beatorum
1557 3976 1710 4043 laurencii
1720 3985 1748 4044 et
1758 3979 1793 4044 N
1795 3978 1901 4044 inioni

713 4121 772 4203 [O]
783 4118 970 4186 MNIBUS
986 4117 1074 4184 hanc
1089 4127 1219 4184 cartam
1229 4115 1351 4184 visuris
1365 4117 1420 4184 uel
1436 4117 1602 4184 audituris
1617 4117 1812 4186 Willelmus
1824 4119 1866 4186 de
1879 4119 1982 4205 melg-

624 4228 722 4293 drum
745 4221 903 4292 dominus
925 4223 967 4290 de
990 4223 1146 4291 achneell
1164 4233 1198 4290 et
1216 4223 1258 4290 de
1277 4223 1440 4310 Petkarry
1455 4235 1606 4290 eternam
1628 4224 1663 4290 in
1683 4224 1820 4292 domino
1836 4225 1981 4293 salutem

625 4329 799 4398 Noueritis
819 4351 873 4397 me
889 4329 923 4396 in
940 4351 1015 4396 mea
1037 4329 1187 4414 legitima
1208 4337 1376 4414 potestate
1396 4338 1430 4395 et
1451 4329 1599 4415 corporis
1619 4327 1765 4396 sanitate
1788 4351 1848 4414 pro
1871 4329 1981 4397 salute

624 4435 736 4503 anime
766 4457 840 4502 mee
870 4445 904 4502 et
934 4443 1122 4520 margarete
1153 4433 1242 4501 socie
1274 4455 1348 4501 mee
1377 4433 1522 4502 filiorum
1553 4445 1586 4502 et
1613 4433 1757 4501 filiarum
1789 4443 1980 4500 nostrorum

624 4551 876 4610 antecessorum
899 4547 933 4606 et
956 4559 1189 4608 successorum
1216 4549 1407 4608 nostrorum
1431 4561 1471 4609 ac
1494 4539 1645 4608 omnium
1673 4537 1823 4608 fidelium
1846 4539 1982 4608 deiunc-

625 4653 735 4712 torum
759 4641 891 4712 dedisse
914 4641 1122 4712 concessisse
1144 4655 1178 4712 et
1201 4645 1265 4714 hac
1289 4643 1436 4732 presenti
1458 4655 1552 4714 carta
1576 4667 1651 4714 mea
1678 4645 1897 4714 confirmasse
1919 4647 1982 4713 deo
