4490 5990
624 681 688 749 116
1021 674 1186 742 sosacio
1208 671 1593 761 squneesaurnj

624 853 736 938 brantj
758 861 791 920 et
814 872 875 939 pro
896 858 1058 936 perpetuo
1081 847 1290 914 celebraturo
1312 845 1442 913 cituato
1461 845 1496 912 in
1517 844 1661 912 ecclesia
1683 843 1871 930 parochiali
1893 843 1985 911 beati

625 955 786 1042 nicholaij
818 952 1018 1022 confessoris
1048 951 1128 1035 dictj
1160 951 1255 1034 bur.
1287 969 1406 1014 omnes
1432 957 1465 1014 et
1493 945 1644 1032 singulos
1674 967 1807 1014 annuos
1835 946 1988 1013 redditus

626 1057 858 1144 infrascriptos
882 1077 967 1142 quos
993 1052 1143 1122 diuinam
1171 1052 1361 1136 suffragans
1386 1049 1639 1136 prouidenciam
1663 1049 1798 1134 proprio
1820 1047 1986 1134 acquisiuj

629 1171 816 1247 conquestu
839 1167 1001 1226 exeuntes
1023 1153 1200 1223 annuatim
1227 1156 1268 1220 de
1294 1153 1393 1220 terris
1418 1151 1641 1238 infrascriptis
1662 1151 1819 1219 videlicet
1842 1154 1884 1220 de
1908 1173 1989 1238 qua-

629 1268 707 1333 dam
723 1275 813 1332 terra
832 1284 908 1330 mea
928 1264 1067 1328 Iacente
1082 1281 1123 1327 ex
1138 1258 1339 1326 occidentali
1362 1266 1457 1344 parte
1472 1257 1536 1341 vicj
1561 1257 1730 1324 furcarum
1754 1257 1842 1324 inter
1863 1267 1990 1323 terram

630 1389 743 1436 meam
768 1365 936 1454 propriam
961 1385 1002 1431 ex
1030 1371 1128 1448 parte
1151 1360 1277 1429 boreali
1307 1381 1348 1428 ex
1377 1367 1473 1446 parte
1501 1381 1569 1426 vna
1594 1368 1628 1426 et
1654 1380 1870 1427 communem
1900 1359 1990 1425 viam

630 1471 760 1556 regiam
787 1490 854 1556 qua
879 1467 947 1534 itur
969 1487 989 1534 a
1014 1465 1086 1532 loro
1111 1463 1192 1548 dictj
1220 1463 1316 1550 burgj
1345 1465 1388 1530 ad
1414 1461 1445 1530 le
1472 1462 1639 1548 schipraw
1664 1471 1825 1547 exparte
1851 1459 1992 1530 australi

632 1572 785 1660 partibus
811 1591 853 1638 ex
878 1568 985 1636 altera
1011 1575 1044 1634 et
1069 1567 1154 1634 duas
1177 1564 1251 1632 vias
1279 1564 1390 1650 regias
1416 1587 1457 1632 ex
1483 1564 1636 1650 partibus
1666 1564 1821 1632 orientali
1849 1573 1883 1632 et
1907 1563 1993 1631 occi-

632 1673 760 1742 dentali
787 1673 854 1740 Sex
880 1690 1012 1737 mersas
1030 1667 1159 1736 usualis
1182 1677 1318 1734 monete
1342 1666 1435 1752 regnj
1459 1665 1569 1734 scocie
1591 1665 1669 1733 inde
1690 1669 1838 1734 concedo
1861 1675 1895 1734 et
1916 1666 1994 1733 volo

634 1799 675 1844 ac
698 1775 810 1862 obligo
832 1795 886 1840 me
904 1781 938 1839 et
958 1773 1097 1839 heredes
1120 1791 1215 1836 meos
1238 1789 1451 1836 successores
1472 1777 1505 1835 et
1526 1777 1661 1834 nostros
1683 1768 1875 1854 assignatos
1896 1789 1994 1854 quos-

634 1898 767 1965 cunque
798 1883 989 1944 sustentare
1018 1883 1052 1940 et
1082 1871 1238 1958 supplere
1271 1870 1397 1937 dictam
1434 1879 1559 1937 terram
1597 1891 1675 1938 cum
1712 1871 1930 1956 pertinenciis
1960 1871 1994 1936 in

634 1981 792 2049 omnibus
808 1977 879 2046 suis
893 1974 1094 2044 necessariis
1114 1984 1147 2041 et
1169 1971 1305 2059 quocies
1325 1973 1416 2040 dicta
1435 1981 1525 2040 terra
1545 1972 1684 2059 incipiat
1705 1974 1847 2040 deficere
1867 1973 1902 2038 in
1922 1981 1995 2038 toto

634 2081 688 2150 vel
711 2082 746 2148 in
769 2088 864 2167 parte
887 2077 1001 2164 aliqua
1023 2077 1130 2162 ipsius
1152 2077 1226 2142 Nos
1240 2095 1319 2141 vero
1334 2074 1387 2142 vel
1411 2074 1487 2160 quis
1508 2083 1663 2142 nostrum
1681 2095 1838 2161 nuncque
1859 2074 1996 2160 recipie·

636 2205 714 2252 mus
739 2183 889 2267 aliquam
909 2200 1079 2248 summam
1103 2177 1245 2264 pecunie
1267 2176 1364 2244 nobis
1385 2177 1438 2242 vel
1463 2175 1563 2244 alicui
1590 2185 1743 2244 nostrum
1770 2177 1996 2264 pertinentem

636 2289 792 2358 dedicta
816 2297 907 2354 terra
937 2307 1015 2352 cum
1044 2282 1262 2371 pertinenciis
1291 2303 1351 2368 pro
1380 2303 1448 2348 vno
1475 2283 1529 2348 vel
1559 2283 1691 2349 duobus
1712 2283 1868 2349 terminis
1890 2285 1996 2350 donec

637 2391 843 2459 sufficienter
857 2397 1066 2456 sustentetur
1081 2384 1267 2471 corrigatur
1277 2393 1311 2452 et
1324 2385 1521 2470 suppleatur
1532 2385 1624 2452 dieta
1638 2393 1728 2452 terra
1744 2407 1804 2472 per
1819 2385 1997 2453 consilium

637 2503 672 2562 et
683 2493 794 2562 visum
806 2489 972 2578 capellani
989 2489 1070 2574 dictj
1087 2487 1205 2556 altaris
1216 2487 1272 2572 quj
1290 2507 1350 2571 pro
1365 2495 1517 2571 tempore
1531 2487 1631 2554 luerit
1647 2489 1693 2554 Et
1710 2489 1751 2554 de
1763 2498 1852 2554 terra
1869 2487 1997 2572 henrici

637 2619 723 2685 ryny
746 2598 885 2663 Iacente
906 2593 942 2660 in
964 2593 1039 2660 vico
1061 2593 1104 2660 de
1125 2591 1199 2676 iuty
1213 2589 1302 2655 inter
1321 2599 1445 2656 terram
1464 2589 1626 2656 heredum
1643 2592 1813 2675 quondam
1831 2589 1997 2675 Willelmj

638 2720 740 2788 cryne
761 2705 912 2784 exparte
935 2693 1077 2763 australi
1092 2713 1133 2760 ex
1148 2701 1244 2778 parte
1258 2713 1325 2759 vna
1348 2701 1381 2758 et
1404 2701 1530 2758 terram
1545 2691 1696 2778 vilhelmj
1713 2693 1755 2760 de
1769 2693 1936 2760 westland
1959 2713 2000 2758 ex

638 2811 735 2890 parte
756 2799 875 2870 boriali
891 2805 1043 2882 exparte
1059 2794 1166 2862 altera
1187 2815 1246 2862 sex
1269 2794 1395 2860 solidos
1409 2802 1443 2860 et
1459 2803 1536 2861 octo
1552 2795 1708 2861 denarios
1732 2797 1778 2862 Et
1794 2797 1836 2862 de
1852 2796 1999 2880 quadam

639 2915 730 2973 terra
752 2923 830 2970 mea
853 2903 1009 2968 Iacent&¹
1018 2899 1053 2964 in
1074 2897 1150 2964 vico
1175 2896 1316 2964 nauium
1342 2917 1384 2962 ex
1410 2896 1610 2964 occidentali
1637 2907 1733 2983 parte
1758 2897 1824 2984 vicj
1848 2898 1999 2965 eiusdem

640 3007 729 3076 inter
751 3015 877 3072 terram
902 3005 1028 3070 andrea
1051 2999 1171 3069 wricht
1195 3021 1236 3066 ex
1260 3007 1355 3085 parte
1382 2999 1524 3066 australi
1546 3021 1588 3066 ex
1609 3010 1705 3086 parte
1726 3023 1793 3068 vna
1817 3009 1850 3068 et
1874 3011 2000 3068 terram

640 3109 758 3177 thome
781 3105 934 3175 blinssile
956 3125 997 3170 ex
1019 3111 1115 3189 parte
1137 3101 1262 3170 boreali
1285 3101 1439 3187 partibus
1454 3102 1497 3168 ab
1512 3101 1620 3168 altera
1640 3123 1698 3168 sex
1719 3103 1845 3170 solidos
1867 3113 1901 3170 et
1925 3112 2002 3171 octo

642 3210 799 3280 denarios
820 3210 865 3276 Et
881 3209 923 3274 de
939 3207 1086 3292 quadam
1100 3213 1191 3270 terra
1207 3205 1345 3271 Iacente
1361 3203 1395 3269 in
1411 3201 1443 3269 le
1459 3203 1619 3288 gaistraw
1633 3225 1674 3270 ex
1689 3203 1891 3272 occidentali
1907 3215 2002 3291 parte

641 3313 708 3382 vici
724 3311 875 3380 eiusdem
895 3309 984 3376 inter
1004 3316 1129 3374 terram
1153 3306 1314 3372 heredum
1331 3306 1501 3390 quondam
1519 3305 1684 3372 Iohannis
1699 3327 1830 3374 marsar
1851 3316 2003 3392 exparte

643 3415 763 3486 boriali
783 3434 825 3481 ex
844 3421 939 3498 parte
953 3431 1021 3476 vna
1036 3419 1069 3476 et
1085 3417 1211 3476 terram
1227 3409 1348 3474 domus
1370 3417 1488 3474 sancte
1509 3407 1673 3474 trinitatis
1688 3429 1729 3474 ex
1744 3418 1839 3494 parte
1862 3407 2004 3476 australi

644 3541 686 3588 ex
708 3526 804 3605 parte
826 3515 934 3582 altera
955 3510 1135 3580 tresdecim
1159 3509 1284 3578 solidos
1299 3519 1333 3577 et
1349 3517 1494 3596 quatuor
1515 3509 1671 3577 denarios
1695 3511 1741 3576 Et
1760 3513 1801 3578 de
1826 3511 1891 3580 Illa
1914 3520 2005 3578 terra

646 3642 724 3690 mea
746 3639 848 3704 quam
871 3615 1025 3682 inhabito
1049 3615 1187 3680 Iacente
1203 3612 1237 3678 in
1252 3611 1327 3678 vico
1349 3612 1519 3678 furcarum
1538 3633 1580 3678 ex
1595 3612 1797 3679 occidentali
1819 3622 1915 3702 parte
1936 3613 2002 3697 vicj

646 3723 798 3792 eiusdem
813 3720 902 3786 inter
915 3727 1041 3786 terram
1060 3717 1124 3784 ade
1138 3715 1198 3800 filij
1216 3712 1374 3799 nicholaij
1393 3722 1543 3799 exparte
1564 3713 1705 3780 australi
1721 3735 1762 3780 ex
1777 3725 1873 3800 parte
1888 3737 1955 3782 vna
1971 3723 2005 3780 et

646 3837 773 3894 terram
793 3819 920 3906 dominj
938 3821 1061 3888 andree
1077 3817 1213 3885 scheres
1235 3817 1400 3902 capellanj
1418 3823 1569 3902 exparte
1589 3816 1707 3884 boriali
1723 3837 1764 3884 ex
1780 3827 1875 3904 parte
1898 3818 2005 3886 altera

562 3961 566 3970 ·
647 3925 827 3997 tresdecim
842 3922 970 3990 solidos
985 3916 1018 4025 qt
1035 3929 1179 4005 quatuor
1196 3909 1352 3986 denarios
1375 3919 1421 3984 Et
1438 3919 1478 3984 de
1495 3919 1641 4003 quadam
1660 3928 1749 3986 terra
1772 3941 1849 3988 mea
1869 3919 2007 3987 Iacente

648 4031 685 4098 in
713 4027 789 4095 vico
809 4025 987 4116 ¹furcarum
1018 4043 1059 4089 ex
1088 4019 1243 4088 orientali
1273 4027 1370 4106 parte
1399 4019 1549 4086 ciusdem
1574 4019 1662 4086 inter
1690 4031 1815 4088 terram
1844 4021 2008 4088 iohannis

650 4132 789 4200 scherar
813 4149 854 4195 ex
880 4135 976 4213 parte
1001 4121 1119 4194 boriali
1146 4145 1186 4190 ex
1212 4132 1308 4209 parte
1329 4143 1396 4189 vna
1419 4132 1453 4189 et
1475 4132 1599 4190 terram
1623 4123 1770 4209 duncanj
1795 4123 1946 4191 lundoris
1968 4146 2009 4190 ex

651 4243 747 4322 parte
770 4229 913 4299 australi
934 4249 975 4296 ex
997 4235 1092 4314 parte
1115 4225 1222 4294 altera
1245 4247 1303 4292 sex
1326 4225 1451 4292 solidos
1474 4235 1507 4291 et
1531 4233 1608 4292 octo
1631 4226 1786 4292 denarios
1810 4227 1856 4293 Et
1879 4228 1920 4293 de
1945 4227 2010 4293 Illo

652 4337 758 4405 croito
785 4353 861 4401 meo
887 4353 964 4398 cum
990 4329 1119 4397 vstrino
1145 4329 1188 4396 ad
1214 4327 1316 4394 finem
1343 4327 1585 4394 occidentalem
1616 4327 1767 4394 eiusdem
1799 4329 1936 4396 Iacente
1967 4330 2010 4396 ad

652 4442 755 4506 linem
778 4435 844 4504 vici
868 4455 910 4502 ex
933 4431 1088 4501 orientali
1112 4441 1208 4517 parte
1232 4430 1382 4497 eiusdem
1407 4429 1495 4496 inter
1518 4431 1661 4497 crottum
1688 4431 1850 4498 heredum
1881 4432 2008 4516 dominj

654 4539 825 4612 alexandri
847 4535 986 4624 barklay
1001 4537 1043 4603 de
1065 4533 1233 4619 grantulie
1256 4533 1374 4602 militis
1396 4553 1438 4598 ex
1459 4541 1555 4621 parte
1578 4531 1704 4602 boreali
1722 4554 1763 4600 ex
1781 4544 1877 4620 parte
1891 4555 1959 4603 vna
1977 4543 2011 4601 et
