4490 5990
373 4239 418 4292 l'ol.
428 4237 477 4292 48¹

590 620 653 688 118
786 621 887 688 eam
900 621 1112 707 auarus
1122 627 1182 710 po
1204 620 1435 688 anamma
1455 620 1595 708 want
1616 619 1759 706 aalma
1875 682 1876 688 t

587 803 647 880 gat
662 793 791 864 dictum
809 793 978 864 nendum
999 803 1058 862 aut
1078 794 1219 864 heredes
1233 795 1286 862 vel
1308 813 1520 864 successores
1540 815 1621 863 suos
1639 792 1710 860 lore
1730 790 1946 880 negociatunr

587 897 640 962 vel
670 896 866 982 negociatos
892 918 952 982 per
977 917 1105 966 annum
1130 907 1165 964 et
1191 897 1280 964 diem
1306 895 1446 964 remotis
1476 895 1629 982 partibus
1658 895 1769 964 medio
1795 904 1947 982 tempore

587 1011 731 1068 vacante
757 999 946 1085 capellania
972 999 1123 1085 predicta
1147 999 1339 1085 prepositus
1365 998 1480 1066 balliui
1502 1007 1537 1066 et
1560 999 1717 1066 consules
1742 997 1823 1084 dictj
1849 998 1944 1088 burgj

588 1102 644 1186 qui
660 1123 720 1187 pro
735 1111 887 1188 tempore
909 1102 1032 1170 luerint
1055 1123 1134 1170 cum
1156 1123 1324 1170 consensu
1340 1111 1373 1170 et
1389 1123 1532 1170 assensu
1550 1100 1667 1186 vicarij
1692 1101 1782 1168 dicte
1803 1101 1946 1170 ecclesie

547 1233 548 1240 ¹
587 1205 753 1290 capellani
768 1215 885 1274 sancte
897 1204 1008 1274 crucis
1019 1215 1052 1272 et
1066 1205 1231 1291 capellenj
1246 1206 1344 1274 beate
1353 1204 1493 1290 virginis
1504 1203 1610 1272 marie
1622 1204 1799 1291 disponere
1810 1205 1947 1273 valeant

587 1309 772 1376 decadem
800 1317 899 1394 prout
926 1329 1039 1376 coram
1067 1309 1130 1376 deo
1156 1307 1323 1376 voluerint
1346 1309 1547 1392 respondere
1574 1309 1621 1374 Et
1645 1328 1708 1392 ego
1731 1329 1811 1375 vero
1834 1308 1947 1378 dictus

587 1411 775 1496 stephanus
797 1420 831 1478 et
854 1411 994 1478 heredes
1017 1409 1083 1478 mei
1106 1419 1140 1478 et
1163 1409 1230 1476 mei
1254 1409 1418 1496 assignati
1441 1429 1561 1478 ornnes
1583 1418 1617 1476 et
1640 1409 1792 1495 singulos
1814 1431 1948 1478 annuos

586 1512 738 1580 redditus
760 1521 794 1580 et
817 1533 988 1580 cameram
1011 1533 1089 1579 cum
1113 1510 1329 1596 pertinenciis
1355 1511 1485 1596 prefato
1508 1510 1608 1578 altari
1630 1519 1664 1580 et
1686 1510 1864 1596 capellano
1886 1533 1947 1598 pro

587 1625 749 1703 perpetuo
771 1615 923 1684 eiusdem
946 1614 981 1682 in
1004 1613 1162 1682 omnibus
1183 1623 1217 1682 et
1240 1635 1300 1698 per
1321 1610 1436 1682 omnia
1458 1623 1495 1680 ut
1518 1613 1725 1699 premittitur
1746 1635 1807 1699 per
1828 1635 1948 1682 omnes

586 1729 695 1788 terras
717 1727 852 1786 nostras
874 1715 1025 1784 redditus
1047 1725 1081 1783 et
1104 1715 1337 1802 possessiones
1357 1715 1533 1784 uniuersas
1556 1713 1692 1783 habitas
1715 1725 1749 1782 et
1772 1716 1948 1784 habendas

587 1831 705 1890 contra
728 1841 847 1887 omnes
870 1819 1032 1886 mortales
1046 1817 1333 1884 varantiaabimus
1355 1817 1623 1902 acquietabimus
1641 1825 1674 1884 et
1692 1818 1946 1903 Imperpetuum

587 1925 806 1992 defendemus
838 1924 888 1988 IN
921 1922 1069 1990 CUIUS
1097 1922 1181 1988 REI
1208 1918 1442 1986 testimonium
1460 1919 1551 1986 ‘huie
1577 1919 1724 2005 presentj
1752 1929 1845 1988 carte
1872 1941 1947 1988 mee

588 2026 736 2112 sigillum
760 2047 874 2092 meum
890 2033 942 2090 est
957 2044 1146 2109 appensum
1162 2024 1209 2088 Et
1225 2024 1268 2090 ad
1284 2021 1446 2088 maiorem
1469 2021 1517 2088 rei
1537 2021 1748 2090 euidenciam
1768 2032 1803 2090 et
1823 2023 1946 2092 securi·

587 2138 694 2198 tatem
718 2127 959 2214 premissorum
983 2125 1132 2210 sigillum
1150 2123 1282 2209 prouidi
1297 2123 1359 2190 viri
1375 2123 1548 2192 alexandri
1568 2123 1721 2192 blinseile
1743 2133 1826 2192 tunc
1848 2124 1948 2192 vuius

587 2231 789 2300 balliuorum
816 2228 896 2314 dictj
926 2227 1020 2313 burgj
1045 2249 1085 2294 ac
1108 2226 1236 2294 datoris
1265 2225 1378 2294 sasine
1402 2225 1562 2311 predictis
1587 2225 1686 2292 altari
1712 2234 1747 2293 et
1771 2227 1948 2312 capellano

588 2342 750 2420 perpetuo
776 2334 818 2400 de
844 2329 1004 2417 predictis
1034 2329 1157 2396 annuis
1186 2328 1371 2396 redditibus
1397 2337 1431 2396 et
1457 2349 1594 2402 camera
1622 2351 1701 2396 cum
1731 2328 1949 2414 pertinenciis

588 2436 801 2522 presentibus
823 2433 946 2521 apponj
971 2455 1049 2502 cam
1072 2431 1242 2500 instancia
1265 2431 1441 2516 procurauj
1467 2433 1566 2516 Apud
1589 2431 1718 2498 dictum
1741 2433 1884 2517 burgum
1907 2434 1949 2502 de

588 2539 748 2608 abirdene
763 2537 895 2606 decimo
910 2545 1033 2604 octauo
1045 2535 1099 2602 die
1115 2533 1242 2602 mensis
1258 2534 1374 2620 marcij
1392 2535 1491 2600 Anno
1506 2533 1633 2618 dominj
1652 2532 1833 2602 millesimo
1845 2537 1949 2620 quad·

588 2641 831 2728 nogentesimo
854 2637 1113 2725 quadragesimo
1136 2646 1256 2722 quarto
1278 2636 1309 2704 T
1311 2635 1440 2704 estibus
1465 2636 1719 2706 honorabilibus
1743 2646 1776 2704 et
1800 2638 1950 2723 prouidis

588 2746 669 2813 viris
693 2745 847 2812 Iohanne
870 2743 909 2808 fif
929 2743 1082 2808 Iohanne
1105 2739 1233 2826 scrogis
1256 2748 1352 2825 patre
1372 2741 1529 2806 duncano
1544 2741 1585 2806 de
1601 2738 1670 2808 clat
1691 2741 1829 2808 matheo
1844 2741 1949 2808 fiebat

589 2851 715 2918 andrea
737 2848 779 2915 de
801 2844 915 2914 cullan
943 2843 1096 2912 Iohanne
1121 2844 1163 2910 de
1189 2841 1317 2928 scrogis
1343 2842 1414 2910 filio
1436 2841 1611 2912 Willelmo
1637 2841 1788 2910 rollande
1814 2845 1950 2912 Andrea

589 2951 719 3020 ancroft
731 2949 867 3018 Thoma
878 2946 1032 3016 blinseile
1044 2945 1207 3032 magistro
1219 2946 1352 3014 roberto
1368 2953 1497 3012 steuart
1508 2943 1634 3013 vicario
1646 2945 1783 3014 domino
1796 2946 1949 3014 Iohanne

589 3055 839 3141 pettimweyme
858 3047 995 3118 domino
1015 3050 1141 3116 andrea
1160 3047 1315 3114 seherate
1330 3045 1467 3113 domino
1484 3046 1637 3114 Iohanne
1657 3045 1749 3114 lamb
1764 3047 1950 3134 capellanis

589 3169 624 3226 et
640 3155 809 3226 malcomo
824 3153 929 3221 daher
943 3160 1025 3220 tunc
1041 3150 1198 3220 seriando
1213 3169 1292 3216 cum
1308 3147 1425 3216 multis
1440 3156 1474 3216 et
1491 3146 1647 3216 Diuersis
1662 3148 1739 3216 aliis
1754 3151 1804 3218 &c

721 3261 796 3326 Hec
817 3265 869 3324 est
884 3276 964 3322 vera
982 3252 1080 3339 copia
1098 3250 1295 3338 principalis
1314 3259 1406 3318 carte
1426 3251 1596 3336 quondam
1620 3251 1777 3336 stephani
1800 3250 1950 3320 balcroni

721 3361 861 3430 fundate
884 3359 926 3426 de
948 3355 1047 3424 terris
1069 3363 1103 3424 et
1126 3353 1249 3422 annuis
1270 3352 1456 3422 redditibus
1471 3355 1514 3420 ad
1533 3352 1640 3422 altare
1661 3352 1771 3420 saneti
1794 3353 1951 3440 stephani

663 3437 688 3543 ἒ
722 3467 808 3534 rnna
832 3462 1012 3534 eeclesiam
1035 3459 1264 3548 parochialem
1287 3459 1377 3528 nean
1400 3457 1548 3528 nicholai
1570 3481 1630 3546 per
1651 3481 1707 3528 me
1730 3459 1950 3546 Magistnum

722 3677 857 3766 propria

623 3459 685 3700 {I
722 3571 942 3642 alexandrum
979 3577 1095 3654 portar
1123 3565 1294 3636 notarium
1323 3565 1496 3652 publicum
1526 3565 1698 3652 copiatum
1728 3575 1816 3635 teate
1846 3583 1950 3634 manu

623 3699 648 3734 'U

527 3847 530 3854 i
631 3669 690 3868 g}
852 3779 1045 3848 Alexander
1058 3785 1174 3865 portar
1187 3776 1341 3846 notarius
1355 3775 1510 3862 publicus
1524 3777 1568 3846 ad
1583 3777 1646 3846 hec
1661 3797 1765 3846 mmo
1780 3773 1915 3863 propn'a

1222 4087 1331 4154 LXV.

596 4225 696 4294 Carta
713 4223 917 4313 fundacionis
937 4227 997 4312 pro
1018 4219 1249 4288 Annimrsario
1271 4217 1412 4307 stephani
1435 4219 1578 4306 Bolrony
1600 4227 1629 4288 et
1647 4227 1708 4310 pro
1732 4221 1952 4290 srchntacionc

935 4325 1088 4414 lampadis
1105 4323 1187 4391 oeae
1200 4323 1300 4390 nuria
1315 4329 1343 4390 ct
1358 4323 1439 4410 beah'
1452 4323 1603 4411 nicholar‘j

692 4461 881 4532 MNIBUS
904 4459 992 4526 hanc
1016 4459 1155 4527 Cartam
1178 4455 1300 4523 visuris
1322 4455 1377 4522 uel
1401 4455 1567 4526 audituris
1590 4459 1785 4546 Stephanus
1808 4459 1953 4531 Balrone

734 4561 911 4652 burgensis
933 4561 1028 4653 burgi
1055 4563 1096 4628 de
1122 4559 1280 4632 abirdene
1307 4557 1460 4632 Salutem
1488 4559 1522 4628 in
1548 4561 1685 4630 domino
1711 4564 1951 4653 sempiternam
