4490 5990
608 667 669 750 138
1014 665 1113 731 Casta
1136 663 1258 730 domini
1279 663 1431 730 Iohannis
1454 683 1555 730 naurs

605 837 742 924 nicolaij
754 837 789 904 in
801 835 948 922 quinque
965 833 1073 903 Rudis
1090 833 1267 921 Iugeribus
1276 835 1348 903 siue
1360 834 1550 922 pretticatis
1561 845 1726 904 tammum
1739 857 1799 922 pro
1810 835 1965 905 clausula

605 940 823 1008 releuationis
832 939 1109 1008 varentizationis
1118 961 1178 1007 seu
1188 939 1445 1026 indempnitatis
1454 941 1680 1027 predictorum
1690 943 1877 1010 octodecim
1888 943 1966 1010 soli·

607 1050 726 1114 dorum
742 1045 1064 1133 lydonaldiscroftis
1078 1055 1275 1114 vocatorum
1291 1055 1389 1132 prout
1405 1046 1441 1113 in
1453 1045 1634 1133 euidentijs
1649 1049 1793 1132 desuper
1803 1047 1966 1116 confectis

606 1150 739 1237 plenius
754 1149 946 1218 continetur
958 1147 1188 1238 Quosquidem
1200 1149 1351 1218 redditus
1363 1149 1412 1216 sic
1423 1149 1500 1218 volo
1512 1149 1644 1235 disponj
1657 1171 1718 1236 pro
1733 1149 1966 1218 anniuersario

604 1277 666 1340 pro
686 1255 800 1322 anima
824 1277 900 1321 mea
923 1265 956 1322 et
977 1255 1093 1322 anima
1113 1255 1179 1322 mei
1199 1255 1313 1322 fratris
1335 1255 1487 1340 germani
1509 1255 1623 1322 Dauid
1640 1275 1735 1322 waus
1755 1264 1789 1322 et
1813 1255 1965 1322 omnium

511 1378 514 1384 ·
605 1360 755 1427 fidelium
772 1360 1006 1427 defunctorum
1025 1381 1085 1446 per
1100 1359 1269 1446 predictos
1284 1359 1447 1428 vicarium
1469 1381 1529 1428 seu
1550 1369 1705 1428 curetum
1721 1369 1755 1426 et
1770 1358 1967 1446 capellanos

604 1487 665 1552 pro
676 1475 829 1551 tempore
840 1475 1013 1552 presentes
1025 1475 1058 1531 et
1071 1465 1257 1533 residentes
1268 1465 1445 1533 annuatim
1458 1465 1491 1531 in
1504 1463 1674 1533 dominica
1686 1465 1967 1550 quinquagesima

391 1607 393 1614 v
471 1655 474 1662 .
605 1571 806 1638 celebrando
821 1570 981 1656 exequias
996 1591 1056 1638 seu
1071 1569 1205 1656 vigilias
1219 1569 1376 1638 videlicet
1392 1570 1588 1638 solemniter
1600 1571 1634 1637 in
1649 1579 1750 1639 nocte
1765 1571 1966 1656 precedente

606 1697 684 1742 cum
700 1673 806 1742 missa
822 1677 863 1742 de
878 1684 959 1742 nota
975 1671 1145 1741 dominica
1164 1685 1202 1742 ut
1223 1673 1351 1742 dictum
1374 1685 1425 1742 est
1448 1697 1526 1742 cum
1549 1674 1714 1762 trigintali
1736 1695 1797 1762 per
1818 1673 1966 1743 ebdomi-

606 1782 686 1849 dam
702 1788 900 1866 sequentem
916 1788 954 1846 ut
971 1779 1075 1846 moris
1087 1789 1183 1847 estet
1196 1779 1451 1848 distributiones
1467 1781 1643 1848 manuales
1654 1781 1737 1847 flent
1752 1781 1967 1866 presentibus

522 1951 525 1963 Α
607 1887 717 1954 solum
733 1895 767 1954 ct
790 1885 1038 1954 celebrantibus
1061 1883 1114 1954 Ita
1137 1888 1227 1972 quod
1247 1886 1407 1954 collector
1428 1886 1675 1954 monimentum
1696 1895 1833 1954 exornet
1851 1895 1967 1973 tapete

607 2000 642 2058 et
664 1989 886 2058 luminaribus
910 1991 1068 2058 decenter
1090 1999 1127 2058 ut
1151 1990 1255 2058 moris
1281 1999 1332 2058 est
1355 1989 1497 2058 sacriste
1517 2011 1578 2076 pro
1600 1989 1691 2060 trina
1711 1990 1902 2078 pulsatlone
1922 1993 1966 2059 ad

605 2095 741 2181 vigilias
770 2105 803 2163 et
830 2095 971 2163 totidem
1001 2095 1131 2164 vicibus
1160 2095 1370 2164 admissam
1401 2097 1523 2164 dentur
1552 2095 1806 2182 quatuordecim
1837 2097 1964 2184 denarij

607 2201 744 2287 praeoni
770 2199 849 2267 ville
872 2203 939 2268 duo
963 2201 1091 2286 denarij
1116 2199 1290 2286 Residentj
1314 2209 1352 2268 ut
1372 2199 1500 2267 dictum
1524 2209 1576 2266 est
1601 2202 1700 2266 detur
1721 2199 1906 2286 capellanis
1931 2209 1966 2268 et

605 2305 826 2374 facultatibus
855 2305 885 2372 si
900 2301 990 2391 'quid
1020 2305 1165 2391 supersit
1195 2308 1236 2374 de
1267 2304 1446 2374 animabus
1470 2303 1726 2372 fundationibus
1752 2305 1799 2372 Et
1829 2307 1872 2373 ad
1901 2305 1967 2374 hoc

606 2412 798 2480 iaciendum
813 2421 848 2477 et
864 2413 907 2478 ad
927 2411 1129 2497 premissum
1150 2433 1210 2498 per
1224 2432 1287 2478 nos
1301 2420 1335 2478 et
1351 2419 1487 2478 nostros
1501 2430 1715 2478 successores
1730 2409 1968 2478 inviolabiliter

606 2519 680 2585 fore
699 2510 947 2616 obseruandum
969 2519 1032 2586 sub
1051 2516 1177 2584 nostris
1196 2515 1416 2604 cyrographis
1435 2527 1469 2584 ct
1489 2515 1698 2584 notariorum
1718 2515 1825 2582 nostri
1846 2515 1965 2601 gremij

608 2617 792 2709 signaturis
816 2619 879 2689 sub
902 2619 1070 2708 ypotheca
1090 2617 1243 2688 oninium
1268 2625 1432 2690 bonorum
1454 2633 1648 2690 nostrorum
1673 2630 1707 2690 et
1732 2643 1966 2690 successorum

608 2725 840 2796 communium
859 2725 1071 2811 presencium
1090 2725 1326 2793 et'b1turorum
1348 2727 1389 2792 de
1403 2726 1555 2794 unanimi
1571 2747 1739 2794 consensu
1754 2727 1967 2794 decernimus

608 2843 642 2900 et
657 2831 870 2899 decreuimus
893 2851 952 2916 per
974 2839 1148 2917 presentes
1164 2834 1204 2897 In
1222 2832 1327 2900 Cuius
1344 2831 1407 2898 Rei
1430 2832 1663 2900 testimonium
1686 2833 1835 2918 sigillum
1852 2855 1965 2900 mcum

607 2947 641 3004 et
657 2936 806 3022 sigillum
822 2935 1027 3004 honorabilis
1042 2934 1103 3002 viri
1124 2934 1256 3022 patricij
1279 2925 1374 3004 leslie
1388 2935 1488 3003 vnius
1503 2937 1704 3005 balliuorum
1721 2939 1762 3004 de
1778 2936 1916 3006 abirden
1931 2947 1966 3004 ct

607 3041 735 3111 datoris
750 3039 957 3109 sasinesunt
979 3033 1131 3126 appensa
1154 3035 1244 3126 apud
1267 3037 1405 3110 abirden
1424 3044 1572 3110 secundo
1597 3041 1662 3110 Die
1680 3040 1809 3110 mensis
1829 3040 1965 3127 augusti

607 3147 708 3214 Anno
722 3144 848 3230 dominj
867 3143 1047 3212 millesimo
1062 3143 1333 3253 quingentesimo
1347 3143 1511 3232 vigesimo
1526 3147 1675 3214 secundo

870 3352 1034 3439 Magister
1046 3351 1200 3421 Thomas
1215 3353 1388 3422 chawmer
1396 3361 1534 3422 curatus
1546 3355 1588 3421 de
1598 3353 1766 3422 Abirdene
1782 3353 1824 3420 ad
1839 3353 1903 3420 hec

997 3477 1102 3524 manu
1117 3457 1252 3544 propria

868 3560 1031 3648 magister
1045 3561 1148 3630 dauid
1163 3583 1300 3630 menaea
1315 3563 1358 3630 ad
1372 3561 1436 3630 hee
1452 3579 1556 3631 manu
1571 3559 1706 3650 propria

868 3667 1027 3737 dominus
1042 3669 1187 3736 andreas
1202 3669 1280 3754 culp
1297 3669 1341 3736 ad
1356 3667 1419 3736 hec
1435 3689 1539 3737 manu
1554 3667 1689 3756 propria

867 3772 1027 3844 dominus
1042 3772 1145 3840 dauid
1158 3793 1272 3840 wauss
1288 3793 1391 3840 manu
1406 3773 1541 3860 propria

869 3876 1033 3962 magister
1045 3877 1226 3946 willelmus
1238 3877 1434 3965 philipsoun
1451 3881 1493 3947 ad
1509 3879 1572 3946 hec
1587 3899 1691 3948 manu
1707 3879 1841 3967 propria

868 3979 1033 4067 magister
1046 3983 1200 4050 robertus
1216 4003 1360 4051 masoun
1375 4003 1478 4052 manu
1494 3983 1628 4070 propria

867 4086 1026 4154 dominus
1039 4087 1221 4156 willelmus
1235 4109 1360 4174 couper
1374 4111 1477 4158 manu
1492 4089 1627 4176 propria

867 4191 1025 4260 dominus
1040 4193 1213 4279 gylbertus
1227 4193 1434 4280 nycholsone
1447 4215 1553 4262 manu
1568 4194 1702 4281 propria

868 4297 1026 4365 dominus
1043 4297 1213 4366 Iohannes
1228 4299 1438 4386 goldsmytht
1454 4321 1557 4368 manu
1573 4300 1708 4386 propria

869 4403 1027 4472 dominus
1043 4403 1214 4472 lohannes
1229 4427 1377 4492 cumyng
1391 4427 1494 4474 manu
1511 4405 1645 4494 propria

870 4509 1028 4578 dominus
1044 4510 1147 4577 Brien
1162 4513 1246 4599 dyce
1262 4533 1365 4580 manu
1380 4512 1515 4598 propria

870 4613 1028 4686 dominus
1042 4615 1144 4684 dauid
1160 4615 1223 4685 leis
1237 4637 1341 4686 manu
1356 4617 1492 4706 propria
