4490 5990
762 673 1171 762 emesenam

900 991 1029 1056 XLIV.

379 1151 567 1220 MNIBUS
598 1151 687 1220 hanc
718 1153 857 1220 Cartam
894 1149 1016 1218 visuris
1045 1151 1099 1218 vel
1131 1150 1296 1220 audituris
1331 1151 1445 1221 Dauid
1485 1173 1646 1238 symsoun
1670 1167 1836 1220 cartarum

423 1253 600 1340 burgensis
614 1255 670 1322 de
679 1253 837 1323 abirdenc
854 1253 1051 1322 Eternam
1041 1275 1076 1320 ιιι
1100 1255 1239 1322 domino
1259 1255 1404 1322 salutem
1421 1257 1509 1323 Cum
1528 1277 1646 1323 omnes
1670 1235 1815 1299 Symsoune

286 1356 453 1428 stabimus
481 1369 562 1428 ante
587 1359 734 1428 tribunal
764 1358 891 1428 domini
920 1359 1028 1426 nostri
1051 1359 1148 1426 ihesu
1178 1359 1349 1428 christi
1323 1383 1394 1428 siue
1421 1363 1546 1428 bonum
1573 1361 1646 1429 siue

286 1465 415 1534 malum
429 1465 529 1534 fuerit
546 1465 712 1552 recepturi
733 1476 832 1552 prout
847 1465 882 1546 in
897 1475 1049 1552 tempore
1072 1465 1240 1554 gessimus
1260 1466 1368 1553 Igitur
1390 1465 1479 1534 diem
1503 1467 1643 1553 extremj

285 1570 398 1658 iudicij
426 1573 582 1658 open'bus
608 1571 835 1640 misericordie
864 1572 1045 1658 expediens
1070 1581 1122 1640 eet
1148 1571 1322 1658 preuenire
1347 1581 1384 1640 vt
1413 1572 1581 1640 seminata
1610 1573 1645 1640 in

285 1675 384 1744 terris
409 1675 588 1762 multiplici
611 1676 722 1744 fructu
745 1675 901 1762 colligere
922 1677 1098 1744 valeamus
1124 1675 1159 1742 in
1183 1675 1265 1742 celis
1285 1677 1383 1742 Vnde
1405 1675 1568 1744 noueritis
1590 1697 1645 1744 me

284 1778 319 1846 in
344 1791 564 1866 augmentum
587 1781 692 1867 diuinj
716 1781 829 1850 cultus
855 1791 889 1849 et
911 1781 1073 1850 honorem
1098 1781 1163 1848 Dei
1186 1781 1429 1868 omnipotentis
1451 1781 1645 1850 beatissime

285 1885 424 1972 virginis
440 1887 544 1954 marie
560 1887 679 1955 matris
694 1909 754 1956 suc
773 1887 891 1956 Sancti
907 1887 1056 1974 leonardj
1074 1909 1113 1956 ac
1129 1887 1280 1956 omnium
1297 1899 1491 1956 sanctorum
1514 1889 1647 1958 dedisse

284 1991 494 2059 concessisse
514 1991 708 2078 assignasse
723 2003 757 2060 et
773 1991 838 2060 hac
853 1993 1000 2078 presenti
1016 2002 1111 2062 carta
1132 2015 1208 2062 mea
1228 1995 1447 2063 confirmasse
1462 1997 1525 2062 deo
1540 1995 1646 2062 omni-

285 2094 414 2178 potenti
426 2095 667 2181 gloriosissime
676 2095 796 2184 virginj
808 2097 913 2164 marie
928 2097 1085 2166 omnibus
1094 2097 1223 2165 sanctis
1237 2107 1271 2166 et
1286 2097 1385 2168 altari
1395 2097 1484 2166 beati
1494 2098 1643 2184 leonardj

285 2199 371 2268 infra
400 2200 579 2270 eeclesiam
610 2201 728 2270 Sancti
760 2201 905 2289 Nicolaij
936 2204 978 2270 de
1007 2201 1146 2271 abirden
1177 2203 1303 2271 situato
1325 2213 1359 2272 et
1382 2202 1518 2270 domino
1542 2203 1643 2270 dauid

285 2303 427 2372 Walcar
441 2305 616 2392 capellano
632 2327 708 2374 mco
723 2317 886 2392 perpetuo
903 2307 1033 2375 Ibidem
1054 2307 1237 2376 celebranti
1252 2327 1293 2374 ac
1309 2307 1379 2376 suis
1394 2307 1645 2376 successoribus

284 2407 503 2476 celebraturis
517 2431 578 2495 pro
593 2409 708 2478 anima
723 2431 800 2478 mea
815 2421 848 2478 et
864 2409 1042 2479 animabus
1057 2421 1235 2496 parentum
1252 2433 1484 2478 successorum
1500 2421 1533 2478 et
1546 2413 1643 2479 bene-

282 2511 449 2582 factorum
464 2535 617 2584 meorum
629 2525 663 2584 et
675 2515 826 2584 omnium
842 2516 992 2584 fidelium
1004 2517 1238 2584 defunctorum
1254 2517 1496 2602 presertimque
1508 2517 1642 2584 illorum
1664 2537 1768 2590 ιιιοιιιιι
1779 2541 1840 2592 cnl-

283 2637 304 2686 a
333 2617 455 2702 quibus
484 2619 598 2705 aliqua
624 2619 713 2690 bona
742 2619 855 2688 minus
884 2621 972 2690 iuste
1002 2621 1104 2708 habuj
1131 2643 1250 2688 omnes
1275 2632 1310 2689 ct
1334 2620 1485 2707 singulos
1511 2642 1642 2688 annuos
1666 2603 1719 2654 ¹⁸¹¹
1693 2619 1735 2654 ¹¹¹⁸
1748 2605 1810 2656 ¹²⁰⁶
1824 2609 1851 2658 ¹⁸

283 2723 435 2791 redditus
457 2747 552 2792 meos
575 2725 783 2812 subscriptos
808 2725 964 2795 videlicet
987 2747 1092 2794 vnum
1116 2747 1267 2794 annuum
1291 2727 1460 2796 redditum
1488 2729 1641 2794 Duarum
1663 2669 1848 2788 33:133:

286 2827 477 2896 Marearum
491 2827 620 2898 usualis
638 2839 773 2898 monete
788 2829 894 2898 scotie
909 2830 1086 2912 annuatim
1106 2832 1288 2900 leuandum
1306 2833 1348 2899 de
1367 2840 1441 2900 tota
1459 2841 1493 2898 et
1511 2830 1642 2918 integra
1663 2799 1863 2930 ffiffroeviim

282 2941 369 2998 terre
385 2935 555 3018 quondam
570 2935 687 3004 thome
703 2936 813 3006 Culan
830 2937 991 3004 lacento
982 2959 1017 3004 m
1033 2937 1065 3004 le
1079 2947 1227 3024 gastraw
1239 2941 1332 3005 Inter
1343 2947 1467 3004 terram
1480 2937 1640 3006 heredum
1664 2929 1694 2978 ¹¹¹
1706 2939 1792 2996 ΡΜοε

281 3039 452 3123 quondam
474 3041 621 3127 duncanj
644 3041 714 3110 clat
736 3063 778 3108 ex
799 3041 918 3110 boriali
940 3063 981 3109 ex
1002 3063 1070 3110 vna
1089 3053 1123 3110 et
1143 3051 1268 3110 terram
1291 3043 1461 3128 quondam
1478 3040 1642 3110 lobannis
1661 3027 1846 3149 ‘ff‘ff‘m
1796 3046 1810 3082 ⁸

282 3142 405 3210 roberti
420 3163 462 3210 ex
476 3143 617 3212 australi
632 3145 785 3229 partibus
799 3165 841 3214 ex
855 3145 962 3214 altera
976 3155 1011 3214 ct
1026 3167 1241 3214 communem
1246 3145 1384 3266 regiam
1398 3167 1516 3214 versus
1531 3143 1642 3212 oriens
1662 3157 1774 3210 Anoew

282 3255 381 3332 prout
401 3269 439 3316 se
459 3249 609 3318 extendit
628 3252 671 3318 ad
689 3251 917 3337 aqueductum
941 3251 1124 3339 molendini
1144 3250 1325 3338 superioris
1345 3273 1462 3319 versus
1483 3249 1641 3319 occidens
1662 3221 1851 3342 fflbffl

281 3371 386 3420 vnum
401 3371 553 3422 annuum
575 3353 744 3424 redditum
758 3354 880 3442 viginti
902 3355 1085 3426 solidorum
1105 3355 1282 3426 annuatim
1303 3356 1485 3424 leuandum
1503 3356 1545 3422 de
1566 3363 1640 3423 tota
1660 3352 1813 3419 domurn

279 3453 478 3544 integraque
497 3458 599 3530 dauid
620 3460 764 3530 tailaour
785 3461 973 3530 lucentem
987 3461 1062 3531 vico
1076 3461 1232 3530 inferiore
1252 3459 1417 3530 ecclesie
1407 3470 1496 3528 mter
1514 3434 1678 3528 terrump
1661 3427 1747 3485 ΡΜ

281 3559 428 3630 Walteri
442 3563 648 3652 aucbneywe
663 3585 704 3634 ex
718 3566 919 3636 occidentali
939 3577 973 3635 et
995 3577 1121 3636 terram
1141 3567 1257 3636 thome
1275 3566 1453 3653 gladstane
1466 3587 1508 3632 ex
1523 3563 1640 3634 boriali
1659 3577 1705 3631 ιοι.
1714 3577 1762 3630 82¹

259 3727 262 3761 ·.
281 3685 322 3732 ac
337 3685 537 3736 communes
550 3669 625 3738 vias
639 3669 750 3757 regins
763 3693 882 3740 versus
901 3671 1013 3740 oriens
1028 3683 1062 3740 et
1078 3681 1231 3742 austrum
1245 3693 1350 3740 vnum
1365 3670 1470 3740 alium
1489 3691 1640 3738 annuum

280 3768 449 3838 redditum
464 3770 636 3842 trisdecim
652 3774 835 3844 solidorum
847 3785 881 3844 et
893 3786 1038 3862 quatuor
1048 3775 1261 3846 denariorum
1273 3784 1452 3843 exeuntem
1464 3773 1640 3843 annuatim

280 3871 323 3938 dc
345 3874 492 3957 quadem
515 3885 605 3945 terra
620 3879 753 3946 Andree
775 3878 911 3948 ranison
932 3879 1064 3949 iacente
1087 3880 1173 3949 iufra
1195 3879 1324 3948 dictum
1343 3881 1486 3966 burgum
1509 3878 1544 3944 in
1565 3877 1641 3945 vico
1751 3915 1753 3922 ·

280 3975 449 4046 furcarum
473 3978 561 4048 inter
582 3991 691 4050 terras
713 3984 841 4052 mathei
865 4007 977 4054 masse
999 3995 1034 4054 et
1049 3985 1262 4055 Willelmum
1286 3986 1410 4054 andree
1427 4005 1469 4050 ex
1486 3983 1640 4050 orientali

281 4089 473 4169 terramque
502 4089 672 4172 quondam
699 4089 871 4160 alexandri
901 4093 969 4178 hay
997 4114 1038 4159 ex
1067 4091 1208 4160 australi
1241 4113 1281 4160 ac
1316 4093 1401 4158 duas
1430 4089 1503 4156 vias
1531 4087 1642 4174 regias

280 4207 398 4256 versus
422 4190 579 4260 occidens
603 4203 636 4260 et
662 4193 790 4262 boriam
816 4215 920 4264 vnum
947 4217 1098 4264 annumn
1124 4195 1293 4264 redditum
1317 4215 1377 4262 sex
1400 4193 1583 4260 solidorum
1607 4199 1641 4258 et

279 4301 357 4360 octo
380 4293 593 4364 denariorum
609 4298 791 4366 leuandum
807 4301 848 4368 de
863 4303 1010 4387 quadam
1025 4311 1115 4368 terra
1130 4300 1211 4368 olim
1226 4298 1349 4368 roberti
1365 4298 1442 4366 club
1457 4296 1589 4364 iacente
1604 4293 1639 4361 in

278 4397 353 4466 vico
368 4399 465 4468 viridi
488 4401 577 4470 inter
598 4413 724 4474 terrem
746 4405 863 4474 thome
886 4407 999 4476 litstar
1016 4429 1057 4476 ex
1072 4405 1189 4474 boriali
1213 4427 1254 4472 ex
1275 4425 1342 4472 vna
1364 4413 1398 4470 et
1422 4421 1637 4470 communem

278 4501 369 4570 viam
395 4505 523 4592 regiam
550 4529 591 4575 ex
616 4509 756 4577 australi
782 4511 936 4597 partibus
962 4533 1003 4578 ex
1028 4512 1136 4579 altera
1162 4520 1196 4578 et
1222 4512 1308 4578 duos
1333 4517 1500 4594 torrentes
1521 4525 1639 4572 versus

277 4609 388 4678 oriens
404 4621 437 4678 et
453 4612 611 4682 occidens
633 4637 737 4684 vnum
760 4639 912 4688 annuum
928 4618 1096 4688 redditum
1112 4615 1231 4704 viginti
1255 4616 1438 4684 solidorum
1461 4609 1637 4682 annuatim
