4490 5990
678 676 819 746 Duratio
840 677 884 746 ad
904 677 1078 748 Iohannem
1098 679 1239 748 mibotm

538 845 696 918 dominus
711 849 892 920 alexander
906 853 1052 920 robsouu
1068 873 1172 922 manu
1187 851 1322 940 propria

539 953 697 1025 dominus
712 956 850 1025 thomas
863 957 957 1045 rynie
974 978 1077 1026 manu
1094 959 1229 1045 propria

539 1060 697 1130 dominus
713 1062 883 1132 Iohannes
898 1085 992 1132 waus
1012 1073 1100 1132 teste
1122 1087 1225 1134 manu
1247 1064 1383 1152 propria
1405 1067 1572 1152 presentis

668 1165 827 1236 fundator

331 1371 356 1414 0
412 1339 487 1406 Hac
508 1348 559 1406 est
575 1360 653 1408 vera
673 1337 780 1426 Copia
799 1341 900 1410 Carte
922 1339 1119 1428 principalis
1141 1337 1252 1408 retusa
1274 1351 1308 1410 et
1331 1341 1479 1428 perlecta
1501 1365 1561 1430 per
1583 1366 1637 1410 me

331 1417 357 1498 ff
410 1441 611 1529 magistrum
629 1441 742 1512 Dauid
757 1441 957 1540 nicholsonep
970 1443 1139 1512 notarium
1152 1445 1323 1532 publicum
1336 1455 1369 1512 et
1386 1445 1530 1515 scribam
1547 1447 1637 1514 curie

324 1497 350 1626 ’ἓ
410 1547 644 1616 abirdonensis
658 1549 831 1618 dioceseos
849 1549 966 1618 nichill
981 1552 1135 1620 addendo
1153 1573 1215 1620 nec
1231 1553 1436 1620 remouendo
1452 1553 1540 1638 quod
1555 1553 1636 1622 tacti

323 1625 356 1786 ’ἔ
410 1651 641 1720 substanciam
657 1651 815 1720 immutet
832 1663 883 1720 set
899 1656 1109 1722 concordans
1120 1677 1198 1723 cum
1212 1677 1273 1724 suo
1289 1654 1467 1744 principali
1483 1659 1524 1725 de
1535 1659 1637 1727 verbo

409 1755 444 1823 in
459 1758 598 1826 verbum
614 1766 702 1826 teste
717 1757 782 1826 hac
797 1779 873 1826 mea
889 1757 1135 1846 subscriptione
1151 1759 1300 1846 manuali

329 1809 357 2009 ἓ·
540 1863 595 1932 Ita
610 1871 661 1930 est
677 1863 779 1932 dauid
794 1862 992 1934 nicholsone
1006 1863 1160 1934 notarius
1174 1865 1330 1954 publicus
1345 1887 1448 1935 manu
1463 1867 1597 1956 propria

874 2283 1016 2350 LXXV.

360 2423 549 2492 MNIBUS
570 2421 660 2492 banc
678 2423 817 2492 earum
837 2421 961 2492 visuris
980 2423 1033 2490 vel
1053 2422 1220 2494 audituris
1238 2425 1386 2492 Curatue
1403 2433 1437 2494 et
1458 2426 1633 2514 Capellanj
1657 2446 1763 2502 rotem
1841 2438 1848 2448 '

401 2527 495 2596 chori
517 2527 660 2598 ecclesie
683 2527 902 2614 parrochialis
925 2527 994 2616 diuj
1021 2528 1155 2614 nicolaij
1180 2529 1403 2606 deabirdene
1425 2541 1577 2600 eternam
1600 2533 1635 2600 in

277 2633 414 2704 domiuo
438 2634 584 2702 salutem
608 2633 781 2702 Noueritis
803 2655 866 2702 nos
889 2635 977 2704 Cum
1001 2633 1142 2702 consilio
1164 2633 1378 2702 auisamento
1407 2642 1440 2702 et
1467 2657 1635 2706 consensu

276 2735 484 2806 honorabilis
498 2735 560 2804 viri
577 2735 741 2806 Iohannis
760 2739 836 2806 Mar
854 2737 934 2806 olim
952 2737 1114 2825 prepositi
1129 2739 1170 2806 de
1186 2738 1345 2808 abirdene
1359 2739 1504 2810 utilitate
1519 2752 1637 2812 nostra

277 2841 312 2910 in
328 2843 394 2912 hae
409 2852 505 2930 parte
519 2841 665 2929 vndique
677 2841 811 2929 preuisa
823 2852 856 2912 ct
868 2843 1047 2932 diligenter
1057 2845 1271 2914 considerata
1282 2844 1414 2914 dedisse
1426 2846 1635 2914 concessisse
1700 2869 1705 2878 ·

276 2961 310 3020 et
333 2951 377 3020 ad
391 2949 616 3018 leudifirmam
639 2948 826 3018 dimississe
848 2959 882 3018 et
905 2949 970 3020 bac
989 2961 1146 3038 presente
1167 2961 1261 3020 carta
1279 2959 1395 3020 nostra
1416 2952 1634 3020 confirmasse

276 3055 420 3124 honesto
434 3053 506 3124 viro
528 3053 673 3142 lohannj
691 3053 846 3124 ueilsoun
868 3053 977 3124 incole
997 3055 1079 3126 dicti
1103 3056 1199 3143 burgi
1219 3055 1328 3126 Totas
1342 3066 1376 3124 et
1391 3055 1542 3142 integras
1556 3056 1634 3126 illas

275 3169 420 3248 quatuor
444 3159 631 3248 perticatas
651 3170 817 3230 terrarum
840 3170 1033 3232 nostrarum
1060 3160 1169 3232 Nobis
1195 3164 1420 3249 pereundam
1445 3162 1632 3230 Iohannem

275 3287 350 3334 mar
364 3263 400 3332 in
414 3285 535 3354 puram
551 3274 585 3334 et
602 3275 800 3354 perpetuam
820 3265 1041 3336 elemosinam
1063 3287 1300 3336 concessarum
1318 3268 1474 3338 iacentes
1489 3267 1524 3334 in
1539 3268 1633 3336 terri-

274 3370 363 3440 torio
385 3371 577 3442 Crottorum
599 3374 641 3441 de
663 3373 772 3460 futtey
792 3394 896 3442 ruam
918 3373 1075 3442 videlicet
1096 3373 1186 3442 iuter
1205 3381 1332 3442 terram
1354 3371 1540 3458 capellanie
1563 3372 1632 3459 diuj

275 3479 400 3547 andree
410 3477 498 3548 infra
507 3477 634 3548 dictam
647 3477 825 3549 ecelesiam
836 3481 976 3550 fundate
987 3501 1029 3550 ex
1040 3479 1181 3552 australi
1196 3501 1237 3548 ex
1247 3501 1315 3550 vna
1328 3488 1455 3549 terram
1469 3478 1633 3548 Iohannis

275 3583 416 3652 arthour
440 3603 482 3651 ex
507 3582 634 3652 boreali
660 3583 814 3670 partibus
842 3587 886 3654 ab
915 3585 1022 3654 altera
1051 3583 1194 3654 Terram
1223 3585 1357 3662 andree¹
1374 3581 1488 3652 cullan
1513 3603 1633 3650 versus

269 3687 388 3759 ,oriens
401 3697 435 3756 et
461 3687 589 3756 fluxum
613 3689 717 3757 maris
737 3711 856 3760 versus
877 3689 1037 3758 occidens
1057 3691 1144 3760 duas
1165 3688 1243 3758 illas
1265 3687 1451 3776 perticatas
1465 3697 1632 3756 terrarum

275 3801 467 3862 nostrarum
484 3795 641 3862 Iacentes
655 3793 744 3864 inter
757 3805 884 3866 terram
904 3795 986 3864 dicti
1006 3794 1171 3864 Iohannis
1185 3795 1326 3864 arthour
1340 3815 1460 3862 versus
1475 3801 1632 3862 austrum

274 3898 416 3968 Terram
431 3897 565 3986 gilberti
582 3899 733 3968 Menoeis
747 3921 865 3970 versus
880 3903 1016 3970 boream
1027 3899 1171 3969 Terram
1183 3899 1318 3970 Walter
1329 3899 1502 3966 hovesoun
1516 3919 1635 3966 versus

275 4003 387 4090 oriens
401 4013 436 4071 et
451 4002 645 4072 huiusmodi
661 4003 769 4073 Maris
782 4005 911 4074 fluxum
926 4027 1045 4074 versus
1060 4003 1218 4074 occidens
1234 4005 1280 4072 Et
1297 4001 1462 4070 Similiter
1476 4010 1633 4088 quartam

274 4108 368 4178 illam
384 4107 587 4196 particatam
599 4109 765 4178 dictarum
778 4121 945 4180 tamarum
962 4113 1136 4180 Iacentem
1152 4109 1241 4179 inter
1250 4119 1377 4178 terram
1391 4107 1537 4193 richardj
1551 4127 1634 4194 cryn

274 4235 317 4281 ex
331 4213 472 4299 australj
489 4235 531 4280 ex
544 4234 613 4282 vna
627 4223 752 4282 terram
776 4215 895 4284 altaris
917 4226 1035 4284 sancte
1058 4215 1168 4284 cruci's
1190 4214 1276 4282 infra
1292 4213 1434 4282 candem
1454 4211 1633 4280 ecclesiam

275 4341 316 4386 ex
338 4319 464 4388 boreali
486 4319 640 4406 partibus
666 4321 709 4388 ab
732 4321 839 4389 altera
862 4323 1032 4407 quondam
1058 4321 1237 4407 antiquum
1264 4321 1491 4406 aqueductum
1517 4319 1635 4386 versus

274 4423 386 4492 oriens
410 4433 444 4492 et
470 4423 599 4491 fluxum
626 4423 730 4492 maris
760 4427 948 4511 predictum
978 4449 1095 4494 versus
1121 4426 1280 4497 occidens
1308 4423 1570 4492 TENENDAS
1600 4431 1634 4488 et

274 4527 447 4597 habendas
479 4538 570 4596 totas
600 4538 634 4596 et
665 4531 822 4616 Integras
858 4531 968 4599 dictas
1001 4541 1111 4600 terras
1145 4553 1224 4600 cum
1259 4527 1476 4616 pertinenciis
1505 4527 1637 4613 prefato.

275 4634 418 4720 lohannj
449 4633 628 4704 heredibus
654 4633 725 4702 suis
751 4647 784 4704 et
815 4636 886 4704 suis
912 4635 1096 4722 assignatis
1121 4639 1163 4704 de
1190 4635 1287 4704 nobis
1317 4643 1351 4702 et
1381 4631 1634 4702 successoribus
