4490 5990
621 661 665 728 90
1062 642 1223 710 Fundatio
1245 641 1581 708 ubardiolam

620 835 722 899 quam
745 823 842 900 pater
864 815 966 882 habet
987 817 1049 884 sub
1073 837 1135 884 sua
1155 824 1324 903 potestate
1346 813 1380 882 in
1403 813 1509 882 filium
1531 814 1651 882 mereri
1673 815 1808 884 valeant
1833 816 1980 903 recipere

619 929 653 986 et
684 920 854 1007 possidere
881 921 927 988 Et
957 942 1020 1007 ego
1049 942 1130 989 uero
1159 920 1310 1006 prefatus
1344 920 1501 996 matheus
1530 920 1642 988 fechat
1674 921 1815 991 heredes
1847 923 1912 1008 mej
1944 933 1978 992 et

619 1024 686 1092 mei
724 1025 886 1112 assignatj
923 1047 1042 1094 omnes
1078 1035 1111 1094 et
1148 1025 1300 1112 singulos
1337 1046 1468 1093 annuos
1505 1025 1671 1094 Redditus
1708 1037 1904 1112 prenotatos
1940 1028 1975 1096 in

618 1150 738 1216 puram
762 1140 796 1198 et
820 1140 1017 1218 perpetuam
1044 1130 1256 1198 elimosinam
1284 1131 1383 1198 datos
1407 1141 1441 1198 et
1468 1152 1648 1201 concessos
1672 1133 1801 1218 prefato
1828 1133 1971 1219 Iohannj

618 1235 792 1321 collysoun
808 1246 841 1304 et
857 1235 929 1304 suis
944 1236 1204 1304 Successoribus
1219 1235 1404 1322 capellanis
1419 1237 1462 1304 ad
1478 1235 1607 1304 dictum
1628 1236 1735 1306 altare
1751 1237 1975 1306 seruientibus

616 1339 652 1406 in
678 1341 834 1410 omnibus
858 1353 892 1410 et
915 1364 975 1429 per
999 1341 1115 1408 omnia
1140 1351 1178 1408 ut
1204 1341 1406 1428 premissum
1436 1351 1488 1410 est
1519 1351 1638 1410 contra
1667 1363 1786 1410 omnes
1814 1343 1975 1410 mortales

615 1445 902 1515 varantizabimus
924 1447 1191 1532 acquietabimus
1214 1449 1260 1514 Et
1286 1448 1539 1534 Imperpetuum
1562 1448 1781 1516 defendemus
1805 1449 1845 1514 In
1869 1447 1975 1518 Cuius

617 1551 681 1620 Rei
715 1552 948 1620 testimonium
987 1552 1135 1640 sigillum
1173 1575 1286 1620 meum
1323 1576 1401 1622 cum
1437 1553 1557 1640 sigillis
1593 1553 1756 1621 Iohannis
1788 1555 1830 1621 de
1865 1551 1977 1620 kintor

614 1659 714 1728 vuius
740 1659 940 1729 balliuorum
970 1661 1051 1746 dictj
1083 1663 1178 1746 bur·
1210 1683 1251 1728 ac
1280 1660 1408 1729 datoris
1438 1660 1559 1728 Sasine
1588 1659 1754 1728 dictorum
1786 1681 1975 1728 annuorum

548 1811 554 1828 .
617 1763 823 1832 Reddituum
839 1765 968 1850 prefato
985 1765 1129 1833 Iohanni
1145 1765 1319 1834 Collisoun
1337 1765 1483 1834 Nomine
1498 1765 1578 1851 dictj
1592 1765 1711 1834 altaris
1728 1764 1976 1850 Communique

389 3350 519 3404 Fundatlo

386 3417 476 3469 altaris
487 3416 540 3470 dlul

386 3483 481 3535 andree

615 1867 734 1954 Sigillo
749 1869 829 1954 dictj
847 1869 943 1956 burgj
961 1891 1038 1936 cum
1052 1869 1171 1956 Sigillo
1189 1869 1348 1955 Richardj
1366 1872 1407 1938 de
1423 1869 1535 1937 kintor
1550 1881 1631 1938 tunc
1643 1868 1804 1956 prepositj
1824 1869 1974 1938 eiusdem

614 1971 708 2056 bur·
725 1971 835 2056 gratia
850 1972 1035 2058 testimonij
1053 1983 1131 2040 sunt
1147 1973 1295 2060 presentj
1310 1983 1402 2041 carte
1417 1994 1567 2059 appensa
1582 1973 1672 2060 apud
1688 1973 1816 2040 dictum
1829 1974 1973 2059 burgum

612 2073 743 2141 decimo
770 2077 903 2144 Octauo
929 2075 983 2144 die
1009 2077 1137 2144 mensis
1161 2077 1237 2163 Iulij
1262 2078 1362 2145 Anno
1388 2077 1515 2144 domini
1542 2075 1723 2144 millesimo
1749 2077 1972 2162 quadringen-

610 2179 732 2247 tesimo
759 2182 1017 2267 Septuagesimo
1048 2183 1196 2250 secundo
1225 2182 1370 2251 testibus
1401 2182 1570 2250 Richardo
1597 2183 1638 2248 de
1664 2182 1776 2249 kintor
1801 2181 1972 2268 preposito

611 2285 764 2353 Iohanne
788 2288 829 2353 de
855 2287 967 2353 kintor
989 2287 1115 2354 balliuo
1138 2287 1239 2354 dauid
1267 2285 1431 2354 collisoun
1457 2287 1564 2354 altero
1588 2286 1789 2354 balliuorum
1820 2286 1972 2353 Iohanne

609 2411 683 2458 mar
707 2393 859 2458 Iohanne
882 2391 1010 2478 scrogis
1033 2391 1134 2460 dauid
1153 2412 1314 2478 symsoun
1337 2391 1528 2458 Alexandro
1549 2390 1693 2458 blinseill
1720 2391 1838 2457 thoma
1860 2390 1973 2458 litstar

608 2495 751 2582 patricio
767 2497 967 2584 baidienagh
983 2499 1114 2566 Adamo
1134 2497 1246 2566 litstar
1266 2499 1384 2564 thoma
1400 2497 1511 2564 litstar
1527 2496 1748 2582 burgensibus
1765 2505 1798 2563 et
1815 2498 1971 2565 duncano

610 2601 779 2670 straloche
795 2605 980 2688 sergeando
996 2623 1073 2670 cum
1090 2601 1208 2670 multis
1224 2603 1300 2670 aliis

699 2708 840 2776 Summa
856 2707 956 2776 buius
972 2707 1157 2796 capellanie
1172 2707 1215 2794 vij
1231 2707 1280 2798 lib
1299 2706 1364 2794 xvij
1377 2729 1394 2772 s
1412 2706 1458 2792 iiij
1471 2709 1493 2774 d

1155 3139 1310 3229 ἰ.

705 3336 892 3404 MNIBUS
918 3337 1007 3406 hanc
1036 3346 1167 3405 cartam
1194 3336 1317 3404 visuris
1342 3336 1395 3404 vel
1425 3335 1591 3404 audituris
1622 3337 1793 3405 Iohannes
1822 3339 1863 3405 de
1894 3361 1967 3406 mar

746 3438 923 3524 burgensis
959 3441 1055 3526 burgi
1092 3443 1133 3508 de
1170 3440 1337 3508 Abirdene
1373 3441 1537 3508 Etemam
1575 3439 1610 3506 in
1647 3439 1784 3508 domino
1822 3440 1967 3509 salutem

612 3539 785 3609 Noueritis
808 3564 862 3612 me
885 3566 945 3629 pro
968 3544 1077 3614 salute
1100 3543 1212 3612 anime
1236 3566 1310 3612 mee
1332 3543 1588 3630 animarumque
1611 3553 1791 3630 parentum
1815 3567 1965 3612 meorum

610 3654 862 3714 antecessorum
879 3657 912 3714 et
928 3669 1161 3716 successorum
1178 3669 1329 3716 meorum
1348 3658 1383 3716 et
1401 3648 1552 3716 omnium
1568 3648 1717 3716 fidelium
1733 3649 1967 3718 detunctorum

609 3749 742 3818 dedisse
760 3752 968 3820 concessisse
983 3763 1017 3822 et
1033 3753 1226 3842 assignasse
1248 3753 1470 3840 omnipotenti
1495 3756 1557 3822 deo
1580 3763 1614 3821 et
1637 3754 1832 3824 beatissime
1846 3755 1967 3842 virgini

609 3854 715 3922 marie
730 3866 763 3923 et
783 3857 881 3924 beato
896 3859 1028 3926 Andrce
1048 3859 1203 3944 apostolo
1223 3868 1257 3926 et
1273 3859 1429 3926 omnibus
1449 3859 1578 3928 sanctis
1598 3881 1818 3946 supernorum
1841 3860 1966 3929 ciuium

608 3957 785 4028 celestium
797 3982 915 4030 omnes
931 3973 964 4031 et
981 3963 1133 4052 singulos
1146 3965 1312 4032 Redditus
1328 3986 1460 4034 annuos
1475 3964 1707 4050 infrascriptos
1721 3965 1777 4051 vnj
1792 3965 1967 4052 capellano

608 4066 651 4132 ad
672 4064 779 4134 altare
799 4069 908 4152 sanctj
925 4070 1057 4138 Andree
1077 4069 1163 4138 infra
1183 4069 1362 4138 ecclesiam
1383 4069 1610 4155 parochialem
1630 4069 1725 4156 burgj
1748 4073 1789 4138 de
1810 4069 1967 4160 abirdene

607 4168 726 4238 diuina
746 4171 929 4258 celebrantj
955 4184 988 4241 et
1009 4196 1070 4260 pro
1093 4185 1255 4260 perpetuo
1278 4175 1488 4244 celebraturo
1510 4175 1665 4242 videlicet
1688 4196 1792 4242 vnum
1815 4196 1965 4242 annuum

609 4276 792 4353 Redditum
808 4278 980 4346 trisdecim
1002 4280 1184 4348 solidorum
1201 4290 1234 4348 et
1250 4291 1395 4366 quatuor
1416 4280 1629 4350 denariorum
1644 4290 1822 4348 exeuntem
1839 4301 1966 4347 annua-

607 4379 670 4446 tim
686 4391 720 4448 et
736 4381 917 4450 leuandum
933 4387 975 4453 de
990 4395 1079 4454 terra
1094 4386 1275 4454 Alexandri
1298 4386 1469 4454 howisone
1492 4389 1629 4454 Iacente
1652 4385 1686 4450 in
1704 4384 1779 4451 vico
1794 4377 1964 4451 furcarum

607 4485 757 4554 eiusdem
774 4489 869 4574 burgi
886 4489 973 4556 inter
988 4500 1113 4558 terram
1131 4491 1294 4558 Iohannis
1310 4491 1464 4576 stephanj
1486 4513 1526 4558 ex
1547 4489 1663 4558 boriali
1679 4499 1774 4575 parte
1790 4499 1823 4556 et
1838 4499 1964 4558 terram

608 4589 772 4658 Iohannis
794 4589 926 4681 patricij
947 4595 981 4663 in
1005 4598 1208 4682 monymusk
1231 4619 1271 4662 ex
1294 4597 1434 4682 australj
1457 4607 1552 4680 parte
1577 4599 1664 4664 ltem
1687 4618 1790 4664 vnum
1814 4617 1964 4663 annuum
