4460 5984
661 702 723 768 194
975 673 1146 752 cenam
1168 679 1299 748 Rama
1321 679 1562 768 capellanorum
1584 678 1702 746 ecclesie

747 857 889 926 Summa
904 855 1005 924 huius
1020 876 1064 922 xx
1078 877 1096 920 s

748 963 836 1028 Item
852 982 911 1046 pro
928 962 1056 1027 Ioanne
1071 961 1212 1026 Vormet
1228 967 1261 1027 et
1276 977 1377 1026 vxore
1389 958 1430 1026 de
1446 957 1551 1024 crofto
1567 957 1736 1042 quondam
1752 955 1835 1024 dicti
1852 953 2015 1023 Iohannis

662 1049 799 1134 lucente
814 1065 849 1130 in
864 1065 959 1132 suthe
974 1084 1064 1130 nunc
1080 1085 1139 1150 per
1153 1085 1216 1130 nos
1231 1061 1333 1130 dauid
1348 1062 1530 1130 andirsoun
1546 1061 1696 1130 assidato
1909 1081 1953 1128 xx
1968 1059 2017 1128 s*

748 1173 891 1243 Summa
906 1171 1006 1239 huius
1021 1191 1065 1238 xx
1080 1191 1097 1236 s

750 1277 838 1347 Item
854 1275 991 1344 domino
1007 1277 1132 1344 andrea
1147 1295 1230 1360 gray
1245 1284 1279 1344 et
1301 1273 1423 1342 helena
1438 1271 1541 1360 gawit
1557 1282 1666 1340 matre
1686 1272 1761 1340 eius
1780 1293 1841 1358 pro
1856 1271 1961 1340 misas
1971 1273 2018 1350 ‚de

661 1381 799 1460 nomine
828 1380 925 1448 ihesu
955 1380 1047 1447 omni
1077 1389 1173 1447 sexta
1201 1379 1284 1446 feria
1313 1380 1356 1446 ad
1386 1379 1493 1446 altare
1516 1379 1625 1468 sanctj
1650 1377 1826 1446 michaelis
1848 1379 1890 1446 de
1912 1377 2018 1462 croito

664 1485 803 1553 Ioannis
818 1483 983 1552 collisoun
998 1493 1119 1551 vocato
1134 1483 1158 1550 li
1174 1483 1250 1550 loch
1267 1483 1371 1550 croite
1944 1503 1988 1548 xx
2003 1503 2020 1548 s

751 1589 893 1656 Summa
909 1587 1009 1656 huius
1024 1610 1067 1656 xx
1082 1609 1099 1656 s

753 1694 841 1760 Item
867 1714 927 1778 pro
949 1692 1086 1760 domino
1110 1694 1238 1760 Ioanne
1261 1691 1395 1778 stirling
1418 1711 1478 1776 pro
1504 1690 1610 1760 missa
1632 1692 1673 1759 do
1699 1689 2021 1760 commemoratione

664 1797 775 1884 sanotj
792 1797 931 1882 spiritus
945 1797 1094 1883 qualibet
1109 1798 1210 1866 tertia
1229 1797 1312 1866 teria
1326 1799 1370 1866 ad
1385 1797 1493 1868 altare
1508 1797 1618 1866 saneti
1634 1797 1798 1866 Iohannis
1812 1797 2021 1882 euangeliste

663 1904 708 1984 de
723 1903 830 1973 crofto
845 1904 1015 1988 quondam
1033 1902 1198 1972 Willelmi
1214 1903 1333 1988 anfray
1968 1923 2023 1970 xe

753 2010 841 2082 Item
872 2029 931 2094 pro
961 2009 1078 2075 eodem
1106 2009 1147 2074 de
1169 2007 1326 2077 omnibus
1351 2015 1386 2077 et
1416 2004 1559 2091 singulis
1584 2004 1683 2074 terris
1712 2013 1746 2076 et
1775 2005 1870 2074 rudis
1898 2005 2023 2074 roberti

665 2113 849 2192 andirsoun
880 2112 1027 2186 Iunioris
1056 2112 1233 2198 burgensis
1264 2111 1298 2180 in
1330 2113 1494 2196 Inruuery
1524 2113 1662 2180 Iasente
1691 2111 1778 2186 infra
1807 2113 1950 2198 burgum
1981 2113 2024 2179 de

667 2219 832 2304 Inruuery
1957 2218 1990 2304 xj
2007 2241 2025 2285 s

752 2324 895 2392 Summa
911 2322 1012 2390 huius
1026 2321 1080 2408 xxj
1099 2343 1116 2388 s

753 2429 841 2495 Item
865 2449 925 2514 pro
947 2429 1065 2496 eodem
1089 2425 1226 2495 domino
1250 2427 1402 2496 Iohanne
1428 2447 1489 2512 pro
1512 2425 1617 2494 missa
1639 2428 1681 2495 de
1703 2429 2025 2497 commemoratione

666 2544 784 2602 sancte
799 2533 962 2602 trinitatis
977 2535 1020 2601 ad
1036 2534 1142 2601 altare
1158 2533 1267 2600 sancti
1285 2531 1448 2600 Iohannis
1468 2531 1677 2618 euangeliste
1692 2533 1734 2600 de
1748 2542 1839 2602 tetra
1854 2537 2025 2620 quondam

667 2641 812 2726 duncanj
838 2641 982 2715 tailzour
1003 2662 1093 2710 nuno
1121 2639 1260 2710 Ioannis
1285 2639 1415 2708 arthuri
1435 2661 1477 2706 ex
1502 2640 1646 2708 aduerso
1671 2649 1861 2711 conuentus
1882 2641 2025 2708 fratrum

668 2744 835 2820 minorum
1951 2765 2027 2822 xxs

756 2847 898 2917 Summa
914 2843 1015 2915 huius
1030 2867 1074 2912 xx
1089 2865 1106 2912 s

757 2951 844 3016 Item
860 2970 921 3035 pro
936 2947 1072 3016 domino
1088 2949 1244 3015 duncano
1258 2945 1330 3014 reid
1342 2967 1402 3032 pro
1414 2945 1519 3020 missa
1533 2947 1865 3016 commemorationis
1880 2951 2029 3037 oorpon's

669 3053 763 3141 eristi
786 3055 878 3132 omni
902 3053 1020 3140 quinta
1041 3052 1124 3125 feria
1147 3054 1191 3128 ad
1214 3071 1385 3125 summum
1409 3052 1517 3126 altare
1538 3053 1579 3125 de
1602 3061 1691 3122 terra
1713 3057 1884 3139 quondam
1905 3057 2029 3124 andree

671 3160 882 3240 michelsoun
897 3180 1001 3246 prope
1016 3168 1148 3245 portam
1164 3161 1206 3234 de
1221 3157 1380 3234 schuilhil
1948 3161 2030 3239 xut

759 3267 847 3332 Item
870 3267 912 3333 de
927 3276 1016 3332 terra
1040 3263 1179 3334 Ioannis
1201 3263 1288 3339 mair
1309 3263 1344 3340 in
1359 3263 1434 3337 vieo
1455 3264 1624 3341 warum
1644 3283 1746 3350 quam
1769 3263 1843 3352 Ipse
1860 3265 2029 3336 inhahitat

672 3393 733 3459 pro
748 3373 866 3438 eodem
1920 3371 1966 3440 vii
1981 3395 1998 3439 s
2012 3377 2029 3454 1

761 3477 849 3550 Item
872 3497 932 3561 pro
954 3475 1073 3550 eodem
1096 3476 1138 3545 de
1160 3483 1250 3548 terra
1272 3473 1417 3546 Walteri
1440 3473 1556 3542 thome
1578 3493 1669 3542 nuno
1692 3475 1823 3543 sonnok
1842 3477 1981 3544 Iacente
1995 3477 2030 3544 in

673 3581 748 3661 vico
762 3581 932 3648 furcarum
949 3601 989 3647 ex
1004 3579 1207 3648 occidentali
1223 3588 1317 3666 parte
1333 3579 1483 3648 eiusdem
1499 3578 1563 3664 vicj
1977 3603 2032 3650 va

763 3685 906 3753 Summa
920 3683 1022 3752 huius
1037 3683 1103 3768 xxij
1122 3705 1139 3749 s

764 3789 853 3856 Item
869 3808 928 3873 pro
945 3789 1073 3854 Ioanne
1090 3805 1207 3871 cromy
1221 3793 1254 3852 et
1271 3805 1372 3852 vxore
1394 3785 1436 3854 de
1458 3791 1532 3854 tota
1546 3791 1580 3852 et
1595 3783 1728 3870 integra
1750 3793 1839 3854 terra
1862 3789 2031 3872 quosdam

677 3914 768 3962 nunc
784 3891 1034 3977 capellanorum
1050 3889 1193 3956 diuersis
1208 3889 1359 3974 personis
1374 3888 1524 3956 assidata
1539 3888 1696 3956 omnibus
1711 3889 1834 3958 annuis
1848 3891 2034 3960 redditibus

679 3998 756 4065 aliis
771 3997 893 4078 debitis
908 3995 1061 4062 deductis
1076 4005 1109 4061 et
1125 3993 1305 4060 abstractis
1321 3994 1363 4060 ad
1379 4014 1441 4058 nos
1456 3991 1728 4079 peruenientibus
1890 3996 1923 4080 vj
1940 4017 1957 4064 s
1972 3997 1995 4082 ij
2012 3999 2034 4064 d

768 4103 856 4168 Item
867 4121 927 4187 pro
938 4099 1066 4168 valtero
1081 4098 1230 4166 achheiff
1241 4098 1371 4164 seniore
1383 4098 1424 4164 de
1436 4107 1525 4164 tens
1536 4100 1706 4182 quondam
1722 4099 1845 4166 andree
1861 4101 2033 4168 murisoun

680 4229 770 4279 nunc
786 4205 944 4292 nicholaij
958 4208 1096 4276 baxstar
1107 4205 1141 4272 in
1153 4204 1228 4274 vico
1243 4201 1389 4272 interiori
1403 4202 1545 4273 ecclesie
1560 4222 1601 4270 ex
1616 4211 1712 4292 parte
1727 4203 1868 4272 australi
1884 4204 2034 4274 eiusdem

679 4335 744 4388 vic]
1983 4331 2037 4378 κε

768 4419 856 4484 Item
872 4417 913 4484 de
928 4425 1018 4483 terra
1031 4423 1130 4482 vasta
1145 4415 1314 4502 quondam
1330 4411 1456 4500 georgii
1471 4412 1586 4480 valcat
1983 4437 2004 4482 x
2020 4439 2037 4482 s

780 4645 795 4672 *
812 4643 917 4698 Roherti
929 4643 1016 4700 dullen
1131 4643 1274 4714 tVilIeImJ
1286 4649 1358 4712 patre
1369 4641 1483 4697 cantora
1599 4641 1729 4713 tGourffij
1741 4641 1940 4700 mheuehm
