4460 5984
602 729 605 735 ,
725 663 885 728 Fundano
906 661 927 728 1
928 668 1010 727 mute
1032 661 1181 748 craufurd
1572 679 1631 744 151

407 841 481 906 Hec
497 849 549 906 est
563 859 643 906 vera
658 846 692 904 et
713 835 903 904 indubitata
918 833 1015 919 copia
1030 833 1102 900 siue
1123 841 1393 919 transsumptum
1410 833 1633 920 transsumpti

406 953 498 1012 carte
513 941 686 1028 originalis
702 942 743 1008 de
761 938 931 1008 mondinis
944 936 1045 1006 unius
1065 937 1168 1024 annuj
1189 937 1341 1006 redditus
1363 959 1551 1006 morcarum
1575 959 1634 1008 sex

406 1049 685 1116 mortificatamm
709 1045 869 1133 hospitali
892 1043 1002 1114 sancti
1025 1044 1142 1111 thome
1165 1043 1337 1130 magistris
1357 1046 1399 1112 dc
1421 1045 1578 1112 abirdene
1599 1053 1633 1112 et

406 1155 581 1242 capellano
607 1153 757 1222 eiusdem
795 1161 828 1219 et
859 1149 1110 1218 successoribus
1140 1149 1211 1216 suis
1240 1149 1488 1236 imperpetuum
1525 1149 1572 1216 nil
1603 1149 1634 1216 ei

405 1262 560 1330 addendo
589 1269 648 1328 aut
679 1257 861 1326 minuendo
891 1257 980 1342 quod
1009 1255 1089 1324 facti
1125 1254 1355 1324 substanciam
1386 1253 1543 1324 immutet
1574 1264 1635 1324 aut

333 1373 359 1454 9
405 1367 616 1458 intellectum
631 1365 740 1434 variat
756 1385 860 1432 manu
875 1383 952 1430 mea
968 1361 1094 1447 scripta
1110 1383 1169 1428 seu
1185 1360 1348 1448 scriptum
1366 1381 1426 1447 per
1442 1381 1497 1428 me
1513 1359 1635 1446 magis·

334 1455 359 1498 ²⁶
406 1483 497 1540 trum
513 1471 725 1542 Willelmum
748 1468 942 1556 philipsoun
958 1467 1102 1536 fideliter
1116 1466 1221 1536 sacris
1239 1465 1498 1536 auctoritatibus
1521 1465 1634 1553 papali

326 1497 359 1696 ξ
406 1587 440 1646 et
461 1575 626 1662 imperiali
649 1575 818 1644 notarium
841 1573 1013 1661 publicum
1030 1571 1189 1642 clericum
1208 1571 1441 1641 abirdonensis
1463 1571 1635 1640 dioceseos

333 1699 351 1786 g
406 1684 630 1754 collacionata
652 1691 686 1750 et
709 1681 901 1750 auscultata
922 1701 982 1748 seu
1005 1677 1266 1747 collacionatum
1289 1687 1323 1746 et
1346 1677 1576 1748 auscultatum
1600 1685 1633 1744 et

406 1789 587 1860 concordat
611 1809 689 1856 cum
712 1809 774 1856 suo
796 1786 951 1873 originali
973 1794 1207 1871 transsumpto
1228 1783 1452 1872 transsumpti
1475 1785 1517 1852 de
1533 1785 1634 1853 verbo

406 1896 441 1963 in
455 1897 594 1964 verbum
610 1895 700 1982 quod
722 1903 866 1963 attestor
888 1892 985 1980 signo
1005 1891 1142 1960 nomine
1157 1900 1190 1959 et
1207 1889 1408 1978 cognomine
1426 1889 1511 1958 meis
1526 1888 1635 1956 solitis

406 2010 440 2068 et
463 1999 635 2068 consuetis
649 2021 795 2068 unacum
811 2021 889 2067 cum
912 1997 1159 2084 subscriptione
1181 1995 1332 2066 manuali
1355 2006 1388 2064 et
1411 1995 1635 2082 chirographo

406 2125 482 2172 meo
507 2103 586 2173 huic
611 2113 844 2189 transsumpto
873 2103 1029 2188 apposito
1058 2123 1148 2170 anno
1174 2101 1302 2169 domini
1332 2099 1513 2168 millesimo
1539 2099 1634 2186 quin·

404 2209 594 2296 gentesimo
608 2209 769 2277 vicesimo
785 2217 880 2276 sexto
895 2209 949 2276 dic
963 2230 1042 2276 vero
1058 2207 1185 2275 mensis
1204 2207 1292 2292 Iunij
1310 2207 1441 2274 decimo
1455 2207 1560 2274 tercio

876 2637 1037 2704 LXXXI.

330 2834 361 2902 N
400 2833 454 2900 die
491 2830 627 2898 nomine
664 2850 764 2898 amen
794 2852 854 2917 per
884 2829 948 2896 hoc
985 2850 1124 2915 presens
1161 2827 1332 2914 publicum
1365 2829 1634 2896 Instrumentum
1655 2841 1762 2896 orso·

373 2937 505 3006 cunctis
527 2947 642 3025 pateat
671 2937 857 3005 Euidenter
879 2937 969 3023 quod
992 2957 1081 3004 anno
1104 2931 1351 3002 incarnacionis
1373 2933 1542 3000 dominice
1562 2933 1636 3000 mil·
1656 2971 1786 3026 mndata

277 3043 397 3112 lesimo
420 3041 690 3130 quingentesimo
712 3041 814 3128 xxvj²⁰
832 3039 960 3108 mensis
981 3061 1061 3107 vero
1083 3037 1271 3106 decembris
1289 3037 1343 3104 die
1358 3037 1427 3123 xiiij
1447 3035 1635 3106 Indictione
1656 3039 1747 3092 tenete

277 3149 409 3218 decima
438 3147 558 3234 quinta
588 3145 812 3216 Pontificatus
844 3144 1050 3214 sanctissimi
1080 3145 1116 3212 in
1145 3143 1273 3212 christo
1302 3141 1409 3228 patris
1438 3163 1478 3210 ac
1508 3141 1636 3209 domini
1656 3103 1774 3158 πίω]

277 3251 406 3322 domini
428 3252 535 3320 nostri
558 3252 745 3322 Clementis
768 3249 883 3320 diuina
906 3249 1123 3339 prouidencia
1143 3269 1230 3336 pape
1250 3245 1387 3334 septimi
1401 3247 1501 3314 Anno
1516 3257 1636 3333 quarto

279 3359 320 3426 In
335 3357 402 3426 mei
417 3356 540 3426 notarii
555 3357 681 3444 publici
700 3359 746 3424 Et
761 3357 901 3426 testium
916 3353 1205 3442 infrascriptomm
1220 3351 1396 3440 presencia
1411 3351 1638 3419 Personaliter
1657 3439 1660 3446 Ι

278 3463 464 3532 constituta
491 3463 600 3532 Proba
625 3472 659 3530 et
685 3462 829 3530 honesta
854 3461 976 3528 mulier
997 3461 1118 3528 Iuncta
1144 3459 1299 3526 craufurd
1324 3455 1443 3524 relicta
1465 3457 1635 3542 quondam

278 3567 392 3655 gavini
416 3589 551 3654 murray
574 3567 751 3654 burgensis
777 3569 818 3635 de
844 3567 1002 3636 abirdene
1029 3567 1083 3632 Ex
1109 3563 1211 3632 certis
1237 3561 1349 3631 causis
1375 3561 1636 3630 racionabilibus

279 3672 431 3742 animum
458 3693 558 3740 suurn
584 3673 628 3740 ad
652 3673 717 3740 hoo
739 3671 956 3740 mouentibus
981 3669 1085 3738 Dedit
1112 3667 1256 3738 contulit
1289 3669 1336 3734 Et
1358 3665 1462 3734 libere
1495 3666 1635 3734 donauit

280 3776 426 3846 Prouido
451 3775 523 3844 viro
548 3776 681 3845 Thome
707 3778 863 3846 craufurd
894 3775 1052 3864 burgensi
1082 3775 1164 3844 dicti
1194 3773 1290 3860 burgi
1320 3793 1490 3840 summam
1514 3771 1635 3858 viginti

279 3880 440 3950 librarum
466 3879 594 3950 usualis
620 3891 755 3950 monete
781 3881 875 3968 regni
902 3881 1012 3949 scocie
1038 3880 1073 3948 in
1103 3879 1246 3966 pecunia
1276 3886 1454 3946 numerata
1483 3898 1543 3964 pro
1568 3897 1635 3944 vno
1752 3875 1758 3886 '

278 4009 393 4056 annuo
418 3986 552 4056 redditu
579 3987 700 4074 viginti
729 3988 912 4057 solidorum
942 3988 1032 4056 dicte
1061 3995 1197 4054 monete
1226 3983 1402 4054 annuatim
1433 3991 1576 4052 exeunte
1601 3993 1635 4050 et

279 4093 424 4161 leuando
446 4094 490 4162 ad
512 4093 598 4160 duos
620 4092 700 4160 anni
723 4094 887 4161 terminos
901 4093 1037 4162 usuales
1059 4090 1291 4178 penthicostes
1304 4088 1461 4158 videlicet
1476 4096 1510 4156 et
1526 4086 1635 4156 sancti

279 4195 417 4266 martini
443 4196 479 4264 in
503 4218 601 4284 yeme
623 4219 683 4284 per
707 4197 844 4284 equales
866 4198 1042 4286 porciones
1065 4199 1119 4266 De
1143 4204 1217 4264 tota
1243 4204 1276 4262 et
1302 4193 1434 4281 integra
1458 4201 1548 4262 terra
1573 4213 1635 4260 sua

280 4301 447 4370 anteriore
463 4303 509 4370 Et
525 4301 683 4371 interiore
705 4325 783 4370 cum
806 4303 1023 4390 pertinenciis
1043 4305 1180 4372 Iacente
1195 4301 1281 4368 inira
1296 4299 1425 4369 dictum
1440 4299 1583 4384 burgum
1598 4297 1633 4363 in

279 4405 354 4473 vico
370 4403 540 4492 superiore
563 4405 704 4474 ecclesie
719 4429 760 4474 ex
780 4408 904 4480 boreali
920 4417 1016 4496 parte
1038 4407 1189 4475 eiusdem
1212 4405 1301 4474 inter
1322 4415 1448 4474 terram
1464 4391 1634 4490 quondam

280 4508 442 4578 heredum
457 4511 581 4580 roberti
597 4533 678 4599 crag
692 4533 733 4580 ex
748 4511 903 4580 orientali
918 4533 959 4580 ex
980 4533 1047 4581 vna
1070 4514 1117 4580 Et
1138 4521 1263 4580 terram
1288 4509 1427 4578 Ioannis
1445 4529 1580 4594 murray
1595 4529 1636 4576 ex

281 4614 481 4683 occidentali
498 4616 649 4704 partibus
665 4619 707 4686 ab
723 4618 829 4686 altera
844 4639 904 4704 per
919 4619 1076 4686 Eundem
1094 4617 1247 4684 thomam
1262 4613 1388 4684 vicario
1403 4623 1436 4682 et
1452 4611 1637 4700 capellanis
