4490 5990
617 659 660 743 64
837 655 1003 724 Fundanio
1024 656 1177 723 Dardani
1198 655 1334 724 Scherar
1353 655 1397 724 ad
1417 657 1517 726 altare
1539 659 1650 727 Sancti
1671 661 1760 726 Petri

617 841 651 900 et
681 830 859 898 intendant
890 851 950 916 pro
980 827 1102 914 quibus
1130 828 1240 898 eidem
1270 839 1475 927 potestatem
1505 842 1539 900 et
1569 831 1807 902 auctoritatem
1845 843 1980 904 nostras

618 935 865 1004 committimus
885 933 1097 1020 presencium
1117 955 1177 1020 per
1195 943 1348 1002 tenorem
1366 955 1565 1022 quocunque
1585 937 1766 1024 naamandj
1789 947 1823 1006 et
1844 937 1979 1006 distrin-

617 1043 717 1128 gendj
743 1041 771 1107 si
794 1041 879 1107 forte
894 1049 1045 1126 ternpore
1068 1039 1102 1105 in
1125 1040 1238 1107 futuro
1261 1039 1295 1105 in
1319 1040 1491 1108 solucione
1506 1041 1678 1110 fructuum
1702 1053 1761 1112 aut
1785 1043 1977 1112 reddituum

618 1167 894 1234 quorumcunque
917 1146 1005 1214 dicte
1028 1145 1216 1232 capellanie
1239 1145 1485 1234 pertinencium
1512 1157 1570 1214 aut
1597 1148 1763 1234 pertinere
1786 1149 1976 1217 valencium

617 1253 868 1338 quomodolibet
898 1252 933 1318 in
963 1252 1113 1320 futurum
1144 1251 1232 1320 tardi
1262 1252 1389 1338 ingustj
1421 1262 1481 1320 aut
1510 1253 1656 1340 neglecti
1685 1253 1888 1324 videbuntur
1919 1265 1977 1324 aut

615 1359 739 1426 fuerint
763 1359 997 1445 quoquomodo
1022 1359 1062 1426 In
1085 1379 1227 1442 quorum
1251 1357 1403 1426 omnium
1419 1368 1452 1426 et
1476 1359 1685 1444 singulorum
1700 1361 1801 1428 iidem
1825 1369 1858 1428 et
1884 1345 1977 1438 testi·

617 1464 768 1532 monium
791 1464 1032 1550 premissorum
1049 1463 1205 1548 Sigillum
1222 1464 1376 1532 nos'trum
1399 1487 1579 1534 commune
1594 1465 1673 1536 huic
1696 1465 1843 1552 presentj
1863 1475 1976 1534 nostre

616 1569 794 1656 donacionj
819 1571 908 1656 apud
931 1569 1060 1636 dictum
1076 1568 1277 1654 magistrum
1300 1570 1533 1640 allexandrum
1556 1581 1719 1658 perpetuo
1741 1593 1975 1640 remansurum

616 1684 668 1742 est
684 1695 871 1762 appensum
889 1676 978 1760 apud
994 1675 1160 1742 aberdene
1176 1675 1319 1743 Decimo
1335 1675 1389 1744 die
1404 1677 1531 1744 mensis
1543 1677 1730 1746 decembris
1747 1699 1837 1746 anno
1849 1677 1976 1746 domini

616 1779 797 1848 millesimo
811 1791 927 1848 ccccmo
943 1779 1094 1866 lxxxiiije

704 1887 846 1954 Summa
864 1886 1019 1954 Rentalis
1035 1887 1135 1954 beate
1148 1886 1254 1954 marie
1269 1886 1410 1973 virginis
1424 1909 1445 1954 x
1460 1887 1483 1954 li
1500 1896 1533 1956 et
1549 1888 1582 1954 xl
1599 1890 1620 1956 d

704 2039 869 2127 Magister
891 2039 1027 2106 thomas
1050 2041 1220 2106 chawmer
1238 2039 1434 2126 capellanus
1456 2041 1574 2108 altaris
1594 2043 1692 2109 beate
1712 2041 1817 2108 marie
1837 2041 1976 2127 virginis

616 2147 787 2214 decorauit
811 2147 938 2214 dictum
962 2147 1068 2214 altare
1091 2169 1167 2212 cum
1191 2147 1321 2214 duobus
1344 2147 1581 2233 dependeneiis
1600 2149 1755 2215 videlicet
1776 2149 1977 2216 frontalibus

615 2275 719 2320 vnum
736 2254 777 2320 de
793 2252 899 2319 serico
915 2261 948 2318 et
964 2251 1055 2318 aliud
1071 2253 1112 2318 de
1127 2273 1240 2336 panno
1252 2252 1324 2320 auri
1337 2261 1430 2318 texto
1442 2253 1728 2321 circumeuntibus
1742 2261 1853 2321 totum
1869 2254 1976 2321 altare

616 2367 650 2426 et
673 2358 784 2426 dictus
802 2357 964 2444 magister
985 2357 1122 2424 thomas
1142 2358 1314 2426 decorauit
1333 2357 1461 2426 dictum
1483 2359 1590 2427 altare
1613 2380 1690 2426 cum
1714 2357 1798 2426 libro
1821 2381 1862 2425 ex
1884 2379 1975 2444 pres·

616 2486 695 2532 sura
710 2473 743 2531 et
758 2465 866 2532 tribus
887 2461 975 2532 albis
995 2471 1029 2531 et
1048 2463 1156 2532 tribus
1177 2463 1327 2532 tualibus
1349 2473 1382 2532 et
1398 2463 1516 2550 viginti
1540 2463 1686 2550 quinque
1706 2463 1857 2530 candelis
1879 2462 1975 2530 seriis

616 2592 717 2658 super
731 2569 860 2640 dictum
876 2569 982 2638 altare

833 2727 1019 2816 EQUIRO
1035 2727 1222 2796 inscn'biin
1237 2728 1302 2797 hoc
1317 2728 1403 2796 libro
1418 2734 1545 2798 nouum
1562 2729 1706 2798 Rentale
1723 2731 1973 2816 Recuperatum

875 2852 935 2919 per
949 2855 1004 2900 me
1019 2833 1220 2920 magistrum
1232 2835 1385 2902 thomam
1398 2835 1568 2904 chawmer
1582 2844 1738 2904 curatum
1749 2836 1791 2904 de
1806 2835 1974 2904 abberden

751 2945 785 3004 et
805 2937 1019 3023 capellanum
1039 2937 1190 3006 eiusdem
1211 2939 1329 3006 altaria
1347 2939 1532 3008 limitatum
1548 2961 1608 3026 per
1626 2959 1838 3026 possessores
1859 2941 1974 3008 domo·

751 3061 827 3106 rum
851 3049 885 3106 et
910 3037 1091 3108 croitorum
1117 3051 1199 3109 tunc
1221 3041 1384 3128 temporis
1410 3065 1499 3110 anno
1521 3042 1648 3128 dominj
1676 3042 1857 3110 millesimo
1878 3043 1973 3128 quin·

751 3144 940 3230 gentesimo
969 3145 1100 3213 decimo
1125 3145 1226 3214 tertio
1255 3155 1408 3232 tempore
1437 3147 1646 3234 prepositure
1675 3146 1883 3216 honorabilis
1911 3145 1973 3214 viri

751 3250 884 3336 gilberti
909 3271 1045 3317 menzes
1135 3275 1142 3312 ι
1264 3249 1419 3318 Thomas
1442 3251 1621 3320 Cbawmer
1644 3250 1796 3320 notarius
1818 3250 1974 3338 publicus

1264 3375 1368 3422 manu
1392 3353 1527 3442 propria

1226 3559 1369 3626 XXXV.

733 3699 927 3770 IUERSIS
953 3697 1071 3766 christi
1094 3697 1250 3765 fidelibus
1281 3699 1382 3766 Hanc
1412 3699 1551 3767 Cartam
1579 3697 1703 3766 visuris
1728 3697 1782 3766 uel
1808 3697 1975 3766 audituris

740 3803 901 3891 magister
923 3805 1099 3871 duncanus
1122 3804 1267 3871 Scherar
1289 3804 1534 3872 Prebendarius
1560 3805 1601 3871 de
1625 3803 1703 3872 Clat
1725 3825 1765 3871 ac
1791 3803 1975 3872 canonicus

616 3911 848 3982 abirdonensis
860 3909 1004 3978 salutern
1021 3910 1055 3975 in
1072 3909 1208 3976 domino
1220 3909 1460 3996 sempiternam
1474 3909 1562 3997 Quia
1577 3929 1637 3995 per
1647 3910 1789 3976 deuotas
1799 3909 1974 3976 oraciones

617 4039 658 4085 ac
669 4015 849 4083 missarum
862 4013 1108 4082 celebraciones
1122 4013 1177 4083 vbi
1190 4013 1338 4081 christus
1349 4014 1402 4082 dei
1414 4014 1504 4081 lilius
1515 4036 1576 4100 pro
1587 4013 1737 4100 peccatis
1748 4013 1874 4080 nostris
1885 4011 1973 4099 patri

617 4123 754 4188 offertur
768 4119 944 4208 presertim
961 4119 1107 4186 creditur
1121 4129 1261 4205 peccata
1276 4119 1402 4187 dimitti
1420 4118 1604 4206 purgatorij
1621 4139 1686 4204 que
1701 4139 1807 4204 penas
1821 4117 1973 4186 demoliri

616 4236 649 4293 et
666 4227 708 4294 ab
724 4225 785 4292 ciis
801 4225 1034 4293 defunctorum
1050 4225 1183 4292 animas
1197 4225 1409 4310 frequencius
1424 4223 1556 4292 liberari
1572 4245 1612 4291 ac
1628 4223 1662 4290 in
1678 4223 1825 4310 paradisi
1840 4223 1974 4309 gaudijs

617 4331 773 4400 collocari
797 4331 890 4397 Hinc
912 4339 963 4397 est
987 4333 1076 4416 quod
1097 4331 1172 4416 Ego
1192 4329 1303 4398 dictus
1324 4331 1486 4416 magister
1505 4331 1681 4398 duncanus
1703 4329 1757 4415 pie
1779 4325 1974 4396 deuocionis

394 4459 568 4523 nndnrtoye
617 4437 737 4503 effectu
764 4437 886 4504 ductus
911 4435 946 4502 in
972 4435 1098 4504 honore
1125 4437 1250 4520 Sancte
1279 4447 1312 4504 et
1344 4435 1521 4504 Indiuidua
1544 4433 1708 4502 trinitatis
1733 4431 1974 4520 gloriosissime

392 4523 534 4577 cathedrall

394 4589 450 4641 lrirlr
460 4591 491 4641 os
499 4589 560 4640 auld

395 4655 522 4708 aberdene

615 4540 755 4626 virginis
771 4541 876 4608 marie
890 4540 980 4609 beati
996 4541 1129 4608 Andree
1148 4539 1293 4626 apostoli
1308 4562 1439 4608 necnon
1461 4542 1663 4608 Sanctorum
1680 4537 1795 4624 Molicj
1820 4547 1853 4605 et
1875 4535 1972 4622 fotinj

617 4645 835 4732 omniumque
856 4655 1050 4714 sanctorum
1066 4647 1119 4715 dei
1135 4647 1170 4714 in
1185 4646 1487 4733 Agmentacionem
1502 4645 1601 4713 vnius
1613 4653 1773 4732 perpetue
1788 4639 1975 4731 capellanie
