4490 5990
681 691 841 758 Fundatio
862 693 974 759 attaris
998 693 1111 760 Sancti
1132 693 1221 760 Petri
1568 707 1627 754 111

266 866 307 933 de
332 863 431 930 terris
457 864 661 931 tenementis
687 873 721 932 et
744 865 859 933 croftis
886 865 1084 952 subscriptis
1105 865 1261 934 videlicet
1288 867 1329 932 de
1355 873 1445 932 terra
1465 861 1631 930 Willelmi

146 1005 147 1008 ¹
266 969 308 1034 de
338 965 456 1034 cowtis
487 967 625 1034 Iacente
655 967 690 1034 in
721 967 754 1053 ly
784 989 885 1054 grene
916 969 1005 1036 inter
1037 971 1207 1055 quandam
1237 979 1362 1036 terram
1393 965 1510 1034 altaris
1541 963 1630 1032 beati
1654 985 1796 1044 gotourto

269 1069 407 1154 Ninianj
428 1079 579 1154 exparte
602 1071 742 1137 australi
764 1093 804 1136 ex
828 1093 895 1138 vna
916 1081 949 1137 et
973 1093 1188 1138 communem
1211 1071 1301 1138 viam
1321 1070 1449 1156 regiam
1473 1091 1513 1135 ex
1537 1077 1631 1154 parte
1655 1043 1789 1160 fflffl

269 1171 395 1239 borcali
413 1171 565 1256 partibus
585 1193 626 1238 ex
646 1171 752 1239 altera
767 1175 884 1240 decem
906 1173 1031 1240 solidos
1055 1175 1100 1240 Et
1124 1175 1165 1242 de
1187 1183 1277 1240 terra
1300 1171 1463 1239 Iohannis
1485 1172 1633 1238 Vobster
1654 1175 1753 1225 Rothes
1768 1173 1855 1254 tntew

271 1277 409 1341 Iacente
435 1272 470 1338 in
501 1273 535 1358 ly
560 1295 662 1358 grene
689 1275 778 1341 inter
801 1285 926 1343 terram
954 1276 1080 1361 dominj
1106 1276 1222 1343 thome
1247 1277 1370 1342 andree
1400 1273 1566 1360 capellani
1591 1293 1632 1340 ex
1653 1240 1830 1356 {affisffl

270 1385 365 1462 parte
388 1376 514 1444 boreali
532 1398 574 1442 ex
591 1397 658 1444 vna
676 1387 709 1444 et
727 1387 851 1444 terram
871 1379 986 1445 thome
1004 1381 1141 1445 vobster
1155 1399 1196 1444 ex
1211 1389 1307 1464 parte
1323 1376 1464 1444 australi
1480 1375 1632 1462 partibus
1654 1370 1757 1422 leuandi

270 1501 311 1546 ex
326 1479 433 1546 altera
456 1488 601 1564 quatuor
615 1479 742 1546 solidos
757 1481 804 1546 Et
820 1483 862 1548 de
879 1491 969 1548 terra
984 1481 1086 1549 dauid
1104 1482 1173 1548 dun
1192 1502 1335 1548 masoun
1353 1482 1491 1548 Iacente
1507 1479 1541 1544 in
1556 1477 1631 1544 vico
1653 1498 1753 1550 obtenu
1765 1515 1781 1548 x
1793 1497 1819 1547 tn

272 1582 422 1648 Nauium
438 1580 526 1647 inter
541 1590 665 1648 terram
684 1582 847 1648 Iohannis
863 1583 966 1649 ettale
981 1605 1022 1649 ex
1038 1593 1133 1668 parte
1154 1582 1294 1650 australi
1315 1603 1356 1648 ex
1375 1603 1442 1648 vna
1457 1589 1491 1648 et
1506 1589 1631 1647 terram
1653 1564 1808 1682 mimi·

271 1683 394 1750 roberti
416 1682 548 1768 gillespi
571 1705 612 1750 ex
634 1693 729 1768 parte
749 1685 874 1752 boreali
897 1685 1048 1770 partibus
1073 1707 1113 1752 ex
1137 1686 1243 1752 altera
1263 1684 1382 1770 viginti
1402 1687 1487 1752 duos
1507 1683 1633 1751 solidos

272 1785 393 1852 Eciam
419 1787 461 1852 de
486 1806 553 1852 vna
583 1795 672 1853 terra
699 1787 837 1854 Iacente
867 1808 907 1853 ex
937 1797 1032 1872 parte
1059 1787 1183 1855 boreali
1209 1787 1274 1855 vici
1301 1787 1465 1854 inferioris
1491 1786 1633 1854 ecclesie

272 1888 359 1955 inter
373 1897 499 1954 terram
515 1891 685 1974 quondam
712 1889 877 1958 Willelmi
895 1890 1058 1958 Caleman
1076 1913 1117 1956 ex
1138 1899 1232 1975 parte
1255 1889 1455 1957 occidentali
1476 1911 1517 1956 ex
1537 1898 1633 1974 parte

271 2011 338 2058 vna
361 2000 395 2058 et
417 1999 542 2058 terram
565 1991 711 2076 fyndelai
735 1991 867 2058 schefer
882 2013 923 2059 ex
940 2001 1035 2078 parte
1051 1991 1205 2059 orientali
1220 2014 1261 2060 ex
1276 2002 1371 2078 parte
1386 1991 1493 2058 altera
1515 1991 1632 2058 decem

272 2093 398 2160 solidos
421 2094 467 2160 Et
495 2095 536 2160 de
563 2102 653 2161 terra
676 2093 848 2161 heredum
867 2097 1037 2180 quondam
1063 2095 1225 2162 Iohannis
1254 2116 1337 2180 gray
1367 2096 1505 2162 Iacente
1535 2093 1569 2159 in
1600 2093 1634 2178 ly

271 2203 419 2279 gastraw
440 2194 529 2261 inter
550 2205 675 2262 terram
700 2217 811 2264 meam
842 2197 1010 2282 propriam
1034 2206 1192 2283 exparte
1218 2197 1357 2265 australi
1381 2219 1422 2264 ex
1448 2205 1544 2282 parte
1565 2217 1633 2264 vna

272 2307 306 2364 et
321 2307 446 2366 terram
462 2296 595 2383 galiridi
610 2299 730 2366 burnet
747 2309 898 2384 exparte
921 2299 1047 2366 boreali
1063 2301 1350 2386 quatuorsolidos
1366 2301 1412 2366 Et
1428 2301 1469 2366 de
1485 2301 1632 2384 quadam

272 2409 362 2468 terra
386 2421 462 2468 mea
484 2399 618 2486 propn'a
643 2403 781 2468 Iacente
804 2403 854 2467 in·
869 2402 1070 2469 occidentali
1100 2402 1164 2470 vici
1194 2403 1364 2470 furcarum
1391 2401 1479 2468 inter
1507 2412 1633 2469 terram

272 2503 395 2571 roberti
419 2502 515 2588 quhit
538 2509 697 2588 ex‘parte
715 2504 856 2571 australi
880 2527 920 2570 ex
943 2513 1038 2590 parte
1058 2525 1124 2571 vna
1148 2513 1181 2570 et
1204 2515 1330 2572 terram
1351 2503 1502 2590 symonis
1525 2525 1635 2588 cwper

273 2629 314 2673 ex
337 2613 433 2692 parte
459 2604 585 2672 boreali
610 2605 764 2691 partibus
786 2628 827 2673 ex
850 2606 957 2674 altera
977 2607 1231 2692 quatuordecim
1259 2607 1384 2674 solidos
1411 2609 1458 2673 Et
1480 2607 1522 2674 de
1545 2615 1634 2673 terra

273 2708 444 2793 quondam
470 2707 625 2774 buchane
653 2708 791 2775 Iacente
814 2709 849 2774 in
873 2710 999 2776 boreali
1025 2719 1121 2795 parte
1142 2709 1208 2776 vici
1235 2709 1337 2776 castri
1358 2709 1446 2776 inter
1471 2709 1632 2777 heredum

273 2813 443 2896 quondam
471 2809 610 2877 Roberti
634 2811 765 2896 angusij
794 2833 834 2878 ex
853 2822 949 2897 parte
975 2811 1129 2878 orientali
1160 2833 1201 2878 ex
1230 2821 1326 2898 parte
1354 2833 1421 2879 vna
1442 2821 1478 2880 et
1507 2822 1632 2880 terram

274 2916 345 2981 Ade
375 2915 561 2999 kymesoun
591 2935 633 2979 ex
666 2923 761 2999 parte
792 2914 992 2981 occidentali
1030 2915 1183 3000 partibus
1212 2937 1253 2981 ex
1283 2915 1390 2982 altera
1420 2935 1479 2980 sex
1508 2913 1634 2980 solidos
1697 3001 1699 3006 Ι

276 3019 364 3082 Item
386 3017 428 3082 de
450 3025 540 3082 terra
565 3013 729 3082 Iohannis
743 3017 889 3084 scherar
905 3018 1043 3084 Iacente
1066 3017 1100 3082 in
1124 3017 1250 3084 boreali
1272 3027 1368 3103 parte
1394 3015 1459 3083 vici
1483 3015 1634 3084 eiusdem

275 3119 363 3184 inter
391 3127 515 3184 terram
546 3117 705 3203 nicholaij
734 3119 869 3205 henyng
897 3141 938 3186 ex
966 3128 1062 3204 parte
1092 3117 1293 3186 occidentali
1319 3141 1360 3186 ex
1386 3129 1482 3205 parte
1507 3141 1574 3186 vna
1600 3129 1634 3186 et

275 3230 400 3291 terram
416 3219 587 3296 alexandri
600 3219 732 3286 rolland
744 3243 784 3288 ex
795 3231 891 3306 parte
903 3221 1058 3288 orientali
1070 3243 1111 3288 ex
1123 3231 1219 3307 parte
1231 3223 1337 3289 altera
1350 3223 1497 3308 quinque
1510 3223 1635 3290 solidos

276 3327 418 3391 Necnon
441 3325 482 3389 de
504 3343 571 3389 vno
593 3323 699 3390 crofto
722 3326 810 3408 quod
833 3325 926 3410 hugo
946 3324 1062 3390 flesser
1087 3333 1180 3390 tenet
1204 3345 1224 3390 a
1247 3346 1301 3392 me
1326 3327 1464 3392 Iacente
1489 3327 1578 3410 apud
1602 3325 1636 3410 ly

275 3425 508 3510 galowg‘ethed
529 3423 618 3491 inter
637 3425 797 3492 heredum
820 3427 984 3494 Iohannis
1003 3448 1100 3493 casse
1121 3449 1161 3492 ex
1180 3437 1277 3511 parte
1299 3427 1425 3494 boreali
1441 3439 1474 3496 et
1491 3429 1634 3495 croltum

277 3527 442 3595 Willelmi
461 3526 573 3594 fechet
592 3547 632 3592 ex
649 3539 745 3613 parte
761 3529 902 3596 australi
923 3551 963 3594 ex
983 3538 1079 3614 parte
1095 3529 1201 3596 altera
1218 3533 1417 3598 extendente
1434 3553 1454 3598 a
1472 3532 1527 3598 via
1542 3531 1634 3618 regia

275 3651 394 3695 uersus
416 3628 573 3695 occidens
588 3631 631 3696 ad
645 3629 736 3696 viam
753 3633 815 3697 sub
833 3633 917 3716 pede
940 3631 1066 3697 montis
1089 3653 1154 3716 qua
1174 3633 1241 3700 itur
1258 3635 1301 3700 ad
1321 3635 1501 3702 cananiam
1518 3656 1636 3702 uersus
1656 3659 1760 3711 monas

276 3730 387 3797 oriens
402 3731 626 3815 quadraginta
642 3732 797 3799 denarios
810 3736 897 3800 Item
913 3735 954 3800 de
969 3755 1035 3801 vno
1051 3735 1156 3802 croito
1169 3736 1307 3803 Iacente
1323 3739 1384 3804 sub
1400 3739 1434 3824 ly
1449 3738 1635 3830 hedownis-
1657 3725 1800 3790 monayin
1811 3739 1857 3775 ’Μ

304 3833 310 3848 .
366 3833 373 3846 .
1279 3839 1286 3854 ,
1656 3791 1687 3842 os
1694 3798 1816 3857 payment

277 3833 337 3898 11111
364 3842 452 3898 mter
477 3833 620 3900 croftum
648 3837 771 3902 andree
801 3857 937 3902 menzes
967 3859 1007 3903 ex
1036 3848 1132 3922 parte
1161 3838 1287 3906 boreali
1314 3851 1475 3926 exparte
1504 3865 1571 3910 vna
1601 3853 1635 3910 et

276 3935 419 4002 croftum
443 3934 603 4002 heredum
627 3939 797 4021 quondam
822 3939 984 4006 Richardi
1006 3939 1117 4008 lechet
1138 3941 1288 4009 vicatum
1313 3942 1347 4029 ly
1360 3924 1454 4012 {iuris
1477 3968 1518 4014 ex
1540 3955 1636 4032 parte

277 4037 489 4104 australi'ex
518 4048 626 4124 parte
644 4039 751 4106 altera
780 4050 849 4107 tres
884 4042 1009 4108 solidos
1047 4043 1168 4109 Eciam
1202 4045 1248 4110 de
1277 4067 1343 4113 vno
1377 4049 1482 4115 crofto
1514 4059 1636 4117 vocato

276 4138 469 4226 halylandis
494 4161 572 4208 cum
598 4141 633 4227 ly
654 4142 840 4210 Witlandis
864 4144 1002 4211 Iacente
1025 4145 1113 4212 inter
1136 4146 1279 4213 crottum
1307 4149 1471 4216 Iohannis
1491 4151 1578 4218 mair
1597 4173 1637 4218 ex

275 4255 371 4330 parte
398 4244 539 4312 australi
562 4265 603 4310 ex
624 4265 691 4311 vna
717 4255 751 4312 et
778 4247 920 4313 crottum
948 4249 1071 4314 andree
1101 4269 1237 4315 menzes
1263 4271 1303 4316 ex
1329 4262 1425 4337 parte
1447 4253 1573 4320 boreali
1596 4275 1637 4320 ex
1657 4269 1759 4324 totts¹

276 4358 371 4433 parte
394 4347 502 4414 altera
525 4349 711 4414 tresdecem
735 4348 860 4414 solidos
878 4359 911 4415 et
930 4359 1074 4434 quatuor
1097 4351 1251 4418 denarios
1276 4353 1363 4419 Item
1382 4355 1423 4420 de
1440 4375 1506 4422 vno
1530 4356 1636 4423 crolto

274 4461 396 4518 vocato
421 4451 456 4536 ly
483 4449 633 4518 Imlawis
654 4473 716 4536 ryg
739 4453 877 4518 Iacente
904 4451 938 4516 in
966 4451 1133 4520 territorio
1155 4453 1321 4521 dictorum
1345 4457 1526 4524 croftorum
1549 4455 1638 4524 inter

276 4555 419 4623 croftum
456 4553 619 4622 Iohannis
652 4553 739 4621 mair
769 4577 810 4622 ex
841 4563 937 4642 parte
970 4555 1095 4622 boreali
1129 4577 1170 4624 ex
1203 4567 1299 4646 parte
1330 4579 1396 4630 vna
1427 4568 1460 4629 et
1493 4561 1636 4627 croftum
