4476 6008
642 709 742 778 Caria
763 707 900 775 Domini
920 705 1072 774 Iohannis
1097 707 1182 774 Varo

817 897 1012 966 LXXXVI.

256 1061 259 1068 “
315 1045 413 1118 canc
435 1043 571 1116 Domini
592 1041 744 1112 Iohannis
770 1043 855 1112 Vans
876 1063 958 1110 nnnc
985 1041 1147 1110 Willnlmi
1167 1063 1239 1110 mar
1259 1041 1295 1110 in
1317 1041 1348 1128 ly
1368 1035 1520 1130 grenio
1616 1039 1661 1093 ἴοι·
1674 1035 1723 1091 ⁰4¹

792 1146 909 1234 viginti
929 1145 1037 1214 solidis

334 1291 523 1360 MNIBUS
549 1290 636 1358 hanc
662 1297 793 1357 canam
820 1287 953 1356 Visuris
972 1287 1025 1355 vel
1049 1288 1214 1356 audituris
1237 1287 1405 1356 Dominus
1427 1289 1598 1358 Iohannes

377 1397 488 1464 Weus
503 1395 700 1480 capellanus
716 1395 880 1461 Eternam
896 1395 931 1460 in
947 1393 1085 1461 domino
1101 1393 1253 1461 Salutem
1270 1393 1443 1462 Noueritis
1459 1415 1513 1462 me
1528 1415 1597 1462 non

238 1501 271 1570 vi
295 1509 354 1570 aut
377 1506 471 1568 metu
493 1501 634 1567 ductum
657 1500 716 1566 sed
740 1508 873 1565 mature
895 1497 1067 1564 auleatum
1089 1497 1236 1566 vtilitate
1258 1521 1334 1566 mea
1356 1498 1391 1564 in
1414 1499 1478 1566 hac
1501 1508 1598 1584 parte

238 1607 384 1690 vndique
400 1603 534 1691 preuisa
551 1607 597 1672 Et
614 1603 794 1689 diligenter
808 1603 1021 1671 considerata
1039 1604 1197 1671 exsertis
1213 1604 1326 1671 causis
1341 1603 1598 1672 rationabilibus

239 1712 391 1780 animum
409 1731 523 1778 meum
547 1709 762 1778 mouentibus
784 1711 917 1777 dedisse
940 1709 1147 1778 concessisse
1170 1720 1204 1776 et
1227 1713 1268 1776 ad
1291 1711 1515 1778 feudifirmam
1539 1733 1598 1778 seu

240 1815 476 1904 emphiteosim
492 1815 694 1884 hereditarie
706 1814 875 1883 dimisisse
890 1824 924 1882 et
936 1816 1000 1882 hac
1013 1824 1168 1901 presente
1184 1825 1279 1882 carta
1291 1837 1367 1882 mea
1379 1817 1599 1884 confirmasse

241 1925 383 1990 Necnon
417 1931 534 1990 tenore
563 1909 770 2010 presentium
805 1922 885 1989 dare
920 1923 1103 1989 concedere
1137 1931 1171 1988 et
1206 1923 1249 1988 ad
1282 1921 1508 1990 feudifirmam
1538 1943 1598 1988 seu

241 2027 478 2114 emphiteosim
494 2026 694 2094 hereditarie
710 2026 881 2094 dimittere
896 2035 929 2092 et
945 2027 1010 2094 hac
1025 2037 1182 2112 presente
1198 2035 1292 2094 carta
1307 2049 1384 2094 mea
1400 2028 1599 2094 confirmare

241 2135 381 2220 procido
414 2133 487 2200 viro
520 2133 708 2201 Wilhelmo
742 2153 817 2199 mar
849 2131 1007 2217 burgensi
1038 2135 1080 2200 de
1117 2134 1282 2200 aberdene
1316 2133 1387 2201 suis
1420 2132 1599 2200 heredibus

242 2241 288 2308 Et
303 2238 487 2324 assignatis
502 2237 627 2306 Totam
645 2247 680 2306 et
703 2237 870 2323 integram
894 2238 987 2304 illam
1010 2248 1137 2305 terram
1153 2260 1265 2306 meam
1288 2259 1366 2304 cum
1382 2237 1600 2323 pertinenciis

243 2349 416 2414 latentem
433 2345 526 2412 Inira
546 2346 689 2430 burgum
706 2345 747 2410 de
763 2345 930 2412 aberdene
951 2343 987 2410 in
1007 2343 1082 2410 vico
1104 2343 1209 2410 veridi
1230 2366 1271 2410 ex
1289 2343 1406 2410 boriali
1423 2353 1519 2429 parte
1533 2341 1599 2410 vici

241 2452 323 2538 regij
341 2473 408 2536 quo
423 2451 491 2518 itur
511 2451 554 2518 ad
572 2451 607 2535 ly
629 2449 779 2536 powbrig
800 2449 888 2516 inter
910 2459 1035 2516 terram
1059 2452 1228 2535 quondam
1253 2449 1392 2516 Roberti
1415 2450 1536 2535 gothro
1559 2471 1601 2518 ex

242 2557 367 2626 boreali
382 2579 424 2623 ex
438 2577 505 2623 vna
521 2576 719 2624 communes
736 2555 810 2622 vias
825 2555 935 2641 regias
950 2577 991 2621 ex
1007 2555 1146 2622 australi
1162 2565 1195 2622 et
1218 2554 1373 2622 orientali
1389 2554 1542 2640 partibus
1557 2557 1600 2622 ab

242 2665 349 2732 altera
365 2673 398 2730 et
413 2673 538 2730 terram
555 2663 726 2750 quondam
742 2661 871 2728 henrici
887 2663 1004 2728 bawne
1019 2683 1138 2728 versus
1153 2653 1310 2728 occidens
1324 2659 1599 2728 TENENDAM

242 2778 276 2836 et
291 2769 482 2836 habendam
498 2776 606 2836 totam
630 2775 664 2834 et
687 2766 854 2852 integram
871 2767 997 2834 dictam
1021 2776 1145 2834 terram
1170 2789 1247 2834 cum
1271 2767 1488 2852 pertinenciis
1510 2767 1601 2834 dicto

242 2872 412 2940 wilhelmo
443 2893 517 2938 mar
550 2871 621 2938 suis
650 2865 832 2940 heredibus
861 2867 900 2938 ¹et
931 2871 1113 2957 assignatis
1144 2874 1185 2939 de
1215 2893 1270 2938 me
1299 2872 1478 2940 heredibus
1515 2873 1600 2940 meis

242 2988 275 3044 et
302 2977 486 3062 assignatis
507 2977 542 3043 in
567 2977 665 3044 feodo
688 2987 722 3043 et
748 2977 934 3044 hereditate
960 2971 1001 3044 'et'
1017 2974 1227 3063 emphiteose
1250 2977 1498 3064 imperpetuum
1522 3003 1599 3048 cum

242 3081 335 3149 omni
364 3081 436 3148 iure
466 3091 499 3147 et
530 3081 744 3148 iurisclameo
773 3081 873 3148 titulo
903 3082 1107 3168 proprietate
1132 3078 1344 3168 possessione
1374 3106 1452 3150 cum
1479 3085 1601 3152 debitis

242 3185 453 3273 longitudine
483 3196 516 3253 et
550 3185 728 3253 latitudine
759 3207 836 3253 cum
869 3187 1011 3274 edificijs
1045 3189 1189 3274 desuper
1221 3189 1424 3256 constructis
1458 3200 1491 3257 et
1523 3212 1600 3258 con·

243 3291 413 3359 struendis
441 3313 519 3358 cum
556 3291 724 3376 lapidibus
755 3290 856 3377 lignis
885 3300 919 3358 et
952 3292 1044 3358 calce
1074 3293 1123 3358 Ac
1151 3313 1228 3358 cum
1259 3293 1415 3360 omnibus
1445 3294 1522 3382 alijs
1553 3297 1599 3362 Et

243 3393 386 3481 singulis
419 3393 631 3462 libertatibus
664 3395 983 3463 commodietatibus
1017 3403 1051 3462 et
1084 3396 1283 3462 asiamentis
1320 3419 1359 3464 ac
1397 3397 1496 3465 iustis
1529 3400 1601 3468 suis

242 3500 460 3588 pertinenciis
500 3500 755 3586 quibuscunque
799 3499 887 3568 Tam
932 3523 999 3568 non
1044 3501 1228 3568 nominatis
1269 3525 1370 3588 quam
1416 3505 1600 3572 nominatis

242 3607 331 3673 Tam
351 3607 470 3672 subtus
493 3615 583 3671 terra
606 3627 708 3690 quam
732 3627 833 3690 super
854 3615 980 3672 terram
1003 3607 1046 3672 ad
1069 3605 1254 3694 predictam
1277 3617 1402 3674 terram
1426 3630 1504 3674 cum
1527 3629 1600 3694 per·

243 3707 401 3775 tinenciis
425 3709 658 3793 spectantibus
683 3731 743 3776 seu
767 3710 856 3777 iuste
883 3719 1035 3796 spectare
1065 3711 1255 3778 valentibus
1285 3714 1535 3797 quomodolibet
1565 3716 1599 3782 in

243 3815 394 3881 futurum
417 3813 520 3880 libere
543 3814 655 3898 quiete
678 3815 827 3900 plenarie
857 3815 986 3903 integre
1009 3817 1191 3886 honorifice
1214 3821 1348 3911 benelet
1369 3821 1403 3888 in
1424 3845 1507 3908 pace
1528 3823 1601 3892 sine

244 3917 486 4006 impedimento
512 3921 687 3987 obstacrsso
719 3930 778 3988 aut
804 3922 1018 3989 reuocatione
1045 3924 1299 4012 quibuscunque
1327 3927 1600 3997 REDDENDO

244 4024 321 4092 inde
337 4023 513 4090 annuatim
531 4024 642 4091 dictus
657 4025 865 4092 Wilhelmus
888 4027 940 4093 sui
956 4028 1096 4095 heredes
1119 4039 1177 4096 aut
1193 4030 1357 4116 assignati
1373 4031 1456 4099 mihi
1472 4033 1600 4100 heredi-

244 4133 307 4198 bus
323 4129 408 4197 meis
424 4137 482 4196 aut
503 4129 686 4215 assignatis
710 4151 878 4198 summam
903 4131 1094 4217 quindecim
1119 4133 1301 4201 solidorum
1317 4137 1444 4203 vsualis
1465 4151 1601 4207 monete

244 4235 338 4321 regni
365 4235 471 4302 scotie
497 4237 540 4302 ad
566 4237 651 4302 duos
675 4237 755 4302 anni
783 4237 947 4304 terminos
973 4239 1108 4306 vsuales
1130 4239 1361 4325 penthicostes
1386 4242 1542 4309 videlicet
1568 4254 1602 4312 et

245 4341 354 4408 saneti
369 4339 505 4426 martinj
522 4339 557 4407 in
572 4361 671 4426 yeme
685 4362 746 4427 per
760 4342 897 4426 equales
913 4345 998 4410 duas
1014 4345 1142 4411 medias
1162 4345 1332 4430 portiones
1347 4345 1483 4414 nomine
1497 4349 1602 4416 feudi·

245 4447 340 4513 firme
355 4445 509 4512 Aeetiam
526 4445 688 4513 soluendo
709 4447 869 4514 iratribus
884 4449 1134 4516 carmelitarum
1153 4451 1234 4518 dicti
1258 4451 1352 4538 burgj
1370 4463 1403 4519 et
1419 4457 1601 4522 eorundem
1626 4481 1694 4532 Now
1702 4481 1724 4532 ss
1735 4483 1826 4548 Jamer

246 4551 497 4618 successoribus
510 4551 669 4619 fratribus
684 4553 766 4620 dicti
787 4554 851 4620 loci
868 4575 972 4620 vnum
992 4577 1142 4621 annuum
1165 4557 1333 4624 redditum
1357 4559 1506 4646 quinque
1527 4561 1603 4629 soli·
1625 4546 1747 4599 ΜΒΝ

246 4657 364 4724 dorum
388 4657 530 4724 Necnon
554 4656 740 4742 capellanis
764 4657 858 4725 chori
885 4659 1027 4726 ecclesie
1049 4661 1251 4746 parochialis
1277 4663 1346 4749 diuj
1374 4663 1532 4753 nicholaij
1561 4670 1603 4735 de
1624 4613 1812 4742 §suadenter

914 4763 937 4812 X

958 4844 962 4868 t
