4490 5990
421 663 617 730 Prosentaeio
638 663 799 750 Joluomis
821 629 990 752 limpsana
1011 665 1054 731 ad
1074 665 1174 732 altare
1196 666 1309 734 Sacrate
1333 665 1441 734 Crucis
1576 685 1617 754 57

256 837 355 906 terris
370 843 404 904 et
420 837 536 906 croitis
556 835 779 923 infrascriptis
794 835 951 906 videlicet
971 839 1013 907 de
1028 841 1176 926 quadam
1192 849 1281 908 terra
1298 841 1436 908 Iacente
1451 840 1485 908 in
1506 840 1618 928 capite

255 943 321 1030 vicj
334 943 436 1028 castrj
454 943 542 1010 inter
552 950 677 1010 terra'm
690 943 852 1010 heredum
865 944 1035 1030 quondam
1044 944 1195 1030 vilhelmj
1209 945 1294 1032 pultj
1312 955 1458 1032 exparte
1474 947 1615 1034 australj

257 1071 298 1116 ex
313 1069 380 1116 vna
395 1057 429 1114 et
445 1068 644 1116 communes
658 1047 732 1115 vias
747 1047 857 1134 regias
875 1058 946 1116 tam
963 1069 1004 1115 ex
1019 1047 1138 1116 boriali
1153 1069 1256 1134 quarn
1280 1048 1481 1117 occidentali
1496 1049 1617 1136 viginti

257 1153 383 1222 solidos
395 1163 530 1220 monete
542 1151 652 1220 scocie
669 1153 715 1218 Et
730 1154 772 1219 de
781 1163 872 1220 terra
886 1153 1049 1220 Iohannis
1063 1161 1172 1220 ratree
1189 1153 1223 1219 in
1240 1155 1358 1222 eodem
1373 1153 1449 1222 vico
1464 1175 1505 1222 ex
1520 1165 1617 1241 parte
1729 1201 1734 1216 .

257 1259 376 1328 boriali
392 1259 481 1328 inter
491 1269 616 1328 terram
634 1259 773 1326 Roberti
787 1259 971 1345 blyndseile
984 1281 1025 1326 ex
1035 1281 1102 1326 vna
1114 1267 1148 1326 et
1159 1268 1284 1327 terram
1297 1259 1430 1328 dauidis
1442 1261 1483 1326 de
1495 1261 1618 1346 kyntor

257 1365 409 1453 partibus
438 1367 481 1433 ab
508 1366 616 1433 altera
646 1363 807 1432 tredecim
840 1365 966 1431 solidos
994 1374 1028 1432 et
1056 1365 1131 1451 iiijr
1160 1365 1316 1434 denarios
1344 1367 1391 1433 Et
1422 1368 1464 1434 de
1491 1388 1615 1453 magno

256 1470 362 1536 crofto
376 1468 529 1534 vilhelmi
545 1489 646 1555 cryne
666 1470 803 1536 Iacente
819 1467 854 1534 in
870 1467 901 1534 le
915 1468 987 1554 faty
1002 1468 1098 1536 cuius
1114 1469 1249 1555 quidem
1271 1470 1368 1538 croiti
1383 1469 1523 1538 dimidia
1538 1493 1616 1559 pars

256 1582 308 1640 est
324 1573 359 1639 in
375 1573 533 1640 manibus
556 1571 716 1641 heredum
732 1571 883 1638 vilhelmi
901 1574 1066 1639 adamson
1082 1581 1116 1639 et
1132 1573 1240 1640 altera
1254 1573 1394 1642 dimidia
1417 1597 1495 1660 pars
1513 1583 1564 1642 est
1580 1573 1615 1642 in

257 1677 414 1746 manibus
436 1677 598 1746 heredum
614 1677 696 1744 dicti
711 1676 861 1762 vilhelmj
879 1699 981 1763 cryne
999 1677 1087 1744 inter
1102 1678 1245 1746 crottum
1261 1677 1412 1746 vilhelmi
1430 1679 1616 1766 blyndseile

256 1803 297 1848 ex
323 1781 441 1850 bon'ali
468 1791 501 1850 et
528 1781 673 1850 croftum
699 1782 860 1850 heredum
884 1785 1054 1868 quondam
1077 1783 1229 1850 vilhelmi
1252 1786 1294 1851 de
1316 1785 1400 1852 leith
1423 1785 1550 1852 domini
1574 1788 1615 1853 de

256 1886 368 1954 bernis
390 1909 432 1954 ex
447 1887 588 1955 australi
611 1887 763 1974 partibus
786 1889 829 1954 ab
844 1887 952 1956 altera
967 1887 1097 1974 viginta
1113 1889 1238 1956 solidos
1261 1891 1308 1956 Et
1328 1891 1369 1958 de
1390 1892 1521 1958 duabus
1544 1890 1615 1958 suis

255 1991 355 2059 terris
370 1992 592 2060 anterioribus
604 1992 798 2080 jacentibus
810 1991 844 2058 in
855 1993 930 2060 vico
945 1993 1115 2060 furcarum
1131 2015 1172 2060 ex
1187 1994 1341 2063 orientali
1353 2003 1448 2081 parte
1463 1995 1614 2062 eiusdem

254 2098 318 2184 vicj
337 2099 425 2166 inter
445 2109 570 2168 terram
586 2099 760 2171 ,Iohannis
782 2108 965 2186 stevynson
981 2122 1022 2166 ex
1038 2100 1156 2168 boriali
1179 2109 1274 2187 parte
1295 2123 1336 2168 ex
1349 2123 1417 2168 vna
1432 2111 1466 2170 et
1488 2109 1613 2169 terram

254 2213 336 2272 tunc
354 2206 517 2272 Iohannis
536 2215 694 2291 paterson
718 2227 808 2274 nunc
823 2229 902 2274 vero
917 2206 1067 2293 vilhelmj
1092 2207 1227 2274 buchan
1251 2208 1387 2294 pistoris
1410 2229 1451 2275 ex
1473 2207 1614 2276 australi

255 2416 403 2501 cardeny
431 2436 522 2484 nunc
547 2439 627 2484 vero
657 2417 819 2484 heredum
846 2415 979 2485 dauidis
1005 2427 1164 2504 paterson
1192 2421 1329 2486 Iacente
1356 2419 1390 2486 in
1416 2419 1491 2488 vico
1514 2420 1556 2486 de
1582 2418 1615 2498 le

254 2527 421 2604 gastrawe
436 2519 524 2588 inter
538 2530 664 2589 terram
680 2521 829 2608 mathacj
846 2523 974 2608 glaster
988 2543 1029 2590 ex
1044 2522 1162 2590 boriali
1178 2531 1274 2609 parte
1289 2545 1329 2590 ex
1343 2545 1411 2592 vna
1433 2533 1467 2591 et
1487 2533 1613 2592 terram

254 2621 388 2690 dauidis
411 2645 549 2710 symson
572 2645 662 2692 nunc
685 2625 851 2692 existente
877 2625 912 2692 in
939 2626 1097 2694 manibus
1119 2627 1270 2695 vilhelmi
1292 2638 1425 2696 vormot
1452 2649 1493 2698 ex
1518 2636 1613 2714 parte

254 2727 395 2794 australi
426 2729 680 2814 quatuordecim
711 2729 836 2798 solidos
867 2733 913 2798 Et
940 2733 981 2798 de
1007 2739 1097 2800 terra
1122 2731 1284 2800 antedicti
1311 2733 1460 2820 mathacj
1487 2733 1615 2820 glaster

255 2830 493 2898 collateraliter
500 2833 637 2918 jacente
652 2833 687 2899 in
703 2836 821 2902 codem
836 2833 911 2902 vico
927 2834 1014 2902 inter
1027 2845 1151 2904 terram
1168 2839 1338 2923 quondam
1350 2837 1483 2907 dauidis
1499 2837 1615 2907 blaber

222 3011 231 3018 „
254 2957 344 3004 nunc
360 2937 526 3005 existente
541 2937 577 3004 in
594 2939 751 3007 manibus
762 2939 924 3026 johannis
940 2941 1063 3009 knollis
1078 2963 1119 3010 ex
1134 2952 1229 3028 parte
1245 2943 1364 3010 boriali
1379 2965 1421 3012 ex
1435 2965 1502 3011 vna
1517 2952 1614 3032 parte

254 3048 288 3106 et
310 3049 436 3108 terram
459 3041 621 3110 heredum
645 3041 726 3110 dicti
749 3043 883 3112 dauidis
903 3054 1105 3131 patersoune
1120 3067 1161 3112 ex
1176 3055 1271 3132 parte
1287 3046 1426 3133 australi
1451 3046 1612 3115 tredecim

254 3143 380 3212 solidos
402 3155 436 3214 ct
458 3145 535 3232 iiij0‘
557 3147 714 3215 denarios
744 3149 790 3215 Et
820 3149 862 3216 de
891 3157 980 3217 terra
1007 3152 1178 3234 quondam
1209 3149 1370 3238 Vilhelmj
1399 3153 1555 3220 cadeowe
1577 3151 1612 3218 in

253 3247 328 3316 vico
357 3251 527 3320 furcarum
565 3273 656 3320 nunc
686 3252 852 3320 existente
888 3253 924 3320 in
962 3255 1119 3324 manibus
1156 3255 1310 3343 magistri
1347 3259 1470 3324 andree
1507 3257 1612 3326 bisset

253 3355 430 3442 camerarij
462 3356 589 3424 domini
616 3357 765 3445 episcopi
791 3357 880 3426 inter
904 3367 1030 3426 terram
1057 3359 1219 3428 heredum
1245 3360 1361 3428 thome
1387 3361 1547 3428 chavmer
1572 3382 1613 3430 ex

253 3470 349 3546 parte
372 3461 489 3530 boriali
512 3471 546 3530 et
568 3473 693 3532 terram
710 3463 874 3531 Iohannis
896 3465 1136 3532 doncansoune
1151 3466 1193 3533 de
1208 3465 1291 3534 bani
1302 3487 1344 3534 ex
1358 3473 1454 3552 parte
1471 3463 1612 3533 australi

253 3565 400 3634 sedecim
427 3567 553 3636 solidos
568 3576 601 3636 et
617 3577 694 3636 octo
709 3567 865 3636 denarios
888 3571 935 3634 Et
957 3570 999 3636 de
1021 3577 1111 3636 terra
1125 3569 1275 3654 vilhelmj
1293 3567 1409 3636 beelde
1423 3568 1459 3635 in
1473 3567 1548 3636 vico
1571 3571 1613 3637 de

253 3673 388 3740 sculhill
404 3673 492 3740 inter
506 3683 632 3742 terram
647 3674 765 3742 thome
780 3675 946 3742 meldrum
963 3697 1004 3742 ex
1019 3684 1113 3761 parte
1129 3675 1284 3743 orientali
1299 3697 1340 3742 ex
1354 3695 1421 3744 vna
1437 3683 1470 3743 et
1485 3683 1610 3743 terram

252 3777 439 3846 allexandri
462 3801 543 3865 crag
568 3801 609 3847 ex
634 3779 836 3848 occidentali
858 3790 954 3866 parte
977 3803 1018 3848 ex
1044 3781 1151 3850 altera
1177 3803 1300 3849 nouem
1324 3781 1450 3849 solidos
1476 3789 1510 3848 et
1536 3780 1612 3866 iiij«

252 3884 409 3952 denarios
431 3885 478 3952 Et
500 3885 543 3952 de
564 3895 654 3953 terra
674 3886 859 3972 supradicti
879 3886 1064 3954 allexandri
1079 3907 1160 3973 crag
1174 3885 1414 3954 collateraliter
1434 3885 1469 3953 in
1492 3887 1610 3954 eodem

250 3987 326 4054 vico
341 3997 375 4056 et
391 3997 516 4056 terram
533 3989 717 4076 supradicti
727 3989 879 4057 vilhelmi
894 3991 1011 4059 beelde
1026 4011 1067 4058 ex
1082 3991 1237 4060 orientali
1252 3999 1348 4078 parte
1363 4011 1405 4058 ex
1418 4011 1485 4059 vna
1500 3998 1534 4058 et
1545 4000 1610 4058 ter·

251 4116 325 4162 ram
348 4093 521 4162 alexandri
535 4095 689 4163 vilsoune
704 4117 745 4163 ex
760 4097 961 4166 occidentali
977 4096 1128 4183 partibus
1144 4099 1187 4164 ab
1202 4098 1309 4166 altera
1325 4100 1410 4165 duos
1425 4095 1551 4165 solidos
1563 4097 1609 4165 Et

251 4201 292 4267 de
305 4221 367 4267 suo
378 4200 485 4268 crofto
499 4201 670 4288 wlgariter
684 4213 880 4289 nuncupato
892 4203 923 4271 le
935 4203 1088 4290 cragvele
1096 4203 1233 4290 jacente
1245 4227 1286 4272 ex
1301 4203 1501 4272 occidentali
1513 4212 1609 4289 parte

250 4305 332 4374 dicti
348 4305 444 4392 burgi
460 4327 562 4393 prope
576 4307 667 4374 viam
683 4308 811 4394 regiam
827 4330 894 4394 qua
909 4309 978 4377 itur
991 4311 1034 4378 ad
1052 4308 1249 4378 Rubbislaw
1263 4319 1419 4379 vocatam
1439 4309 1471 4376 le
1486 4309 1610 4396 lonyne

250 4417 402 4494 exparte
417 4409 559 4477 australi
574 4410 664 4480 dicte
678 4411 732 4479 vie
747 4411 877 4480 habens
892 4414 1036 4481 croftum
1052 4413 1303 4482 carmelitarum
1319 4437 1340 4482 a
1355 4422 1451 4500 parte
1466 4413 1608 4482 australi

249 4522 283 4579 et
299 4512 425 4580 dictam
440 4514 531 4582 viam
547 4515 675 4601 regiam
690 4537 732 4583 ex
746 4516 864 4584 boriali
880 4527 976 4604 parte
993 4519 1156 4587 tredecim
1172 4519 1298 4586 solidos
1312 4528 1347 4586 et
1362 4517 1436 4604 iiij«
1451 4517 1608 4586 denarios

251 4617 304 4684 De
319 4617 441 4706 quibus
463 4617 598 4706 quidem
613 4623 731 4690 decem
754 4622 876 4690 mercis
891 4633 925 4690 et
948 4623 1071 4690 annuis
1093 4623 1280 4693 redditibus
1294 4625 1447 4694 Andreas
1471 4623 1608 4694 scherar

913 4727 939 4782 li
