4490 5990
606 672 668 718 110
1014 651 1174 720 Fundano
1195 651 1307 718 altaris
1330 651 1444 718 Samii
1464 653 1553 718 Petri

604 823 779 894 exactione
794 847 854 892 seu
871 825 1039 894 demanda
1059 847 1124 910 que
1147 827 1188 891 de
1211 824 1370 911 predictis
1392 823 1516 893 annuis
1537 824 1724 893 redditibus
1739 847 1817 893 cum
1839 826 1963 912 pertin·

604 931 709 998 enciis
725 930 916 1017 aliqualiter
930 929 1017 1017 exigi
1037 929 1159 1016 poterit
1177 939 1237 998 aut
1254 929 1393 1016 Requiri
1418 933 1464 997 Et
1487 931 1638 1017 prelatus
1655 931 1816 998 collector
1830 931 1887 1016 qui
1903 953 1964 1016 pro

603 1047 755 1122 tempore
769 1036 868 1104 fuerit
887 1035 1016 1104 dictum
1032 1034 1301 1104 anniuersarium
1321 1036 1430 1104 soluet
1449 1036 1483 1104 in
1499 1035 1663 1122 peccunia
1685 1045 1865 1104 numerata
1879 1045 1964 1104 tem·

603 1164 683 1230 pore
706 1141 947 1210 celebracionis
969 1141 1163 1209 huiusmodi
1187 1141 1404 1226 exequiarum
1420 1151 1454 1208 et
1470 1141 1651 1208 missarum
1674 1140 1862 1226 capellanis
1881 1138 1963 1208 dicti

603 1247 697 1316 chori
720 1247 880 1333 suffragia
901 1246 1018 1316 diuina
1034 1249 1203 1314 Interesse
1221 1247 1471 1315 celebrantibus
1491 1249 1537 1314 Et
1558 1268 1621 1334 ego
1641 1268 1720 1314 vero
1740 1246 1851 1314 dictus
1865 1244 1964 1312 Alex·

603 1355 708 1422 ander
737 1353 877 1422 heredes
907 1353 973 1420 mei
1004 1362 1037 1420 et
1068 1351 1231 1438 assignatj
1264 1351 1372 1420 Totos
1401 1363 1434 1420 et
1464 1353 1614 1438 integros
1646 1373 1779 1419 annuos
1812 1349 1964 1418 redditus

603 1468 800 1545 prenotatos
830 1481 908 1526 cum
939 1458 1011 1526 cuis
1041 1457 1258 1544 pertinenciis
1293 1458 1431 1544 prefatis
1465 1467 1583 1525 curato
1613 1455 1799 1543 capellanis
1829 1463 1862 1522 et
1893 1453 1965 1520 suis

603 1565 854 1633 successoribus
880 1564 914 1630 in
941 1563 1099 1632 omnibus
1122 1574 1156 1632 et
1182 1584 1242 1650 per
1261 1563 1376 1631 omnia
1395 1573 1432 1630 vt
1458 1563 1661 1650 premissum
1687 1571 1738 1630 est
1763 1581 1822 1646 per
1845 1579 1964 1626 omnes

602 1679 710 1740 terras
736 1693 776 1738 ac
805 1669 1037 1755 possessiones
1067 1691 1162 1737 meas
1191 1679 1309 1737 contra
1338 1689 1457 1738 omnes
1487 1669 1648 1736 mortales
1676 1665 1964 1735 varantizabimus

602 1775 872 1860 acquietabimus
894 1784 928 1841 et
953 1775 1206 1860 Imperpetuum
1233 1775 1451 1858 defendemus
1477 1777 1517 1842 In
1540 1773 1637 1842 cuius
1659 1771 1706 1858 rej
1720 1769 1963 1870 ¹testimonium

602 1879 681 1947 huic
711 1879 858 1966 presenti
889 1889 981 1948 carte
1008 1901 1082 1947 mee
1113 1879 1261 1965 sigillum
1288 1901 1401 1947 meum
1428 1889 1462 1947 et
1492 1879 1640 1966 sigillum
1671 1875 1877 1944 honorabilis
1901 1873 1964 1940 viri

601 1984 735 2052 Thome
758 1985 851 2053 leslie
873 1985 972 2052 vnius
994 1986 1196 2054 balliuorum
1214 1985 1295 2072 dictj
1314 1985 1415 2072 'burgj
1440 2007 1481 2053 ac
1501 1983 1629 2052 datoris
1644 1983 1757 2050 casine
1771 1979 1965 2048 huiusmodi

602 2113 791 2172 annuorum
812 2091 1003 2158 reddituum
1023 2101 1101 2158 sunt
1122 2113 1272 2178 appensa
1294 2093 1384 2179 apud
1406 2093 1580 2160 Aberdene
1599 2090 1747 2156 secundo
1764 2086 1818 2154 die
1837 2083 1965 2152 mensis

604 2195 687 2282 Maij
703 2199 802 2264 Anno
824 2197 951 2264 domini
975 2197 1154 2266 millesimo
1170 2197 1440 2284 quingentesimo
1456 2198 1556 2264 Nono
1573 2197 1697 2265 Coram
1712 2191 1965 2260 honorabilibus

603 2311 636 2369 et
665 2302 806 2370 famosis
830 2302 911 2370 viris
942 2303 1095 2371 Iohanne
1122 2303 1265 2372 Cullane
1295 2303 1397 2370 dauid
1425 2303 1631 2370 Rutheriurd
1657 2303 1792 2368 Andrea
1816 2299 1964 2383 gordone

604 2409 757 2476 Iohanne
777 2409 889 2476 fechat
912 2409 1064 2476 Iohanne
1079 2431 1181 2494 grene
1196 2409 1331 2476 Thoma
1353 2409 1425 2475 Pile
1446 2409 1668 2494 burgensibus
1688 2415 1722 2473 et
1743 2403 1863 2472 incolis
1883 2401 1964 2469 dicti

602 2513 698 2598 burgj
736 2513 873 2580 domino
909 2516 1042 2582 roberto
1080 2515 1297 2582 Pathousone
1335 2515 1512 2600 capellano
1546 2513 1721 2582 Willelmo
1759 2509 1965 2594 scrimgeour

604 2621 789 2704 sergeando
813 2621 859 2686 Et
882 2619 1019 2688 domino
1043 2621 1195 2687 Iohanne
1219 2620 1403 2706 Stirueling
1426 2619 1568 2688 Notario
1592 2617 1731 2696 Publica

1036 2761 1057 2826 I
1057 2783 1079 2826 n
1093 2761 1187 2827 Folio
1201 2759 1266 2846 44¹
1280 2761 1363 2827 nihil
1376 2761 1523 2828 scribitur

1228 2971 1343 3038 LXII.

1026 3111 1188 3180 Furtdatio
1202 3113 1314 3180 altaris
1329 3113 1441 3182 Sancti
1454 3113 1543 3180 Petri

690 3252 878 3322 MNIBUS
907 3253 996 3320 hanc
1026 3255 1166 3322 Cartam
1197 3265 1315 3324 sancte
1344 3253 1465 3324 matris
1494 3252 1635 3323 ecclesie
1660 3249 1739 3318 filiis
1763 3245 1887 3316 visuris
1911 3245 1964 3312 vel

730 3357 895 3426 audituris
928 3353 1082 3426 Thom'as
1116 3361 1261 3429 blinseill
1296 3361 1474 3448 burgensis
1506 3363 1548 3428 de
1582 3357 1721 3428 abirden
1753 3353 1899 3422 salutem
1929 3349 1964 3416 in

605 3461 741 3530 domino
770 3463 1012 3551 sempiternam
1039 3465 1212 3534 Noueritis
1241 3466 1353 3533 mein
1377 3475 1597 3552 augmentum
1626 3463 1739 3532 cultus
1768 3457 1873 3542 diuinj
1905 3476 1965 3542 pro

604 3566 714 3634 salute
737 3569 850 3636 anime
873 3591 948 3638 mee
972 3572 1113 3638 Necnon
1137 3571 1326 3640 animarum
1351 3574 1521 3658 quondam
1545 3569 1688 3637 mariore
1711 3575 1745 3634 et
1768 3561 1965 3631 Elizabetht

604 3671 785 3757 coniugum
804 3697 956 3742 mearum
975 3685 1227 3746 antecessorum
1243 3687 1277 3744 et
1293 3699 1525 3745 successorum
1541 3684 1731 3742 nostrorum
1748 3673 1796 3738 Ac
1812 3665 1964 3736 omnium

604 3775 753 3844 fidelium
773 3779 1007 3852 defunctorum
1034 3805 1112 3850 cum
1138 3805 1306 3851 consensu
1333 3793 1366 3850 et
1393 3805 1536 3852 assensu
1560 3778 1731 3849 alexandri
1757 3787 1791 3844 et
1814 3771 1964 3842 willelmi

603 3880 748 3950 filiorum
786 3894 819 3952 et
857 3886 1018 3956 heredum
1055 3910 1207 3957 meorum
1240 3910 1282 3956 ex
1312 3882 1453 3976 utroque
1483 3885 1699 3956 matrimonio
1727 3881 1860 3951 dedisse
1886 3899 1964 3946 con-

603 3985 746 4055 cessisse
771 3999 805 4056 et
831 3993 979 4076 presenti
1005 4003 1100 4062 carta
1126 4017 1203 4064 mea
1229 3995 1448 4063 confirmasse
1471 3990 1694 4080 omnipotenti
1717 3991 1779 4058 deo
1806 3996 1840 4054 ct
1866 3987 1964 4052 beate

603 4088 709 4156 marie
746 4091 877 4178 Virgini
914 4096 1013 4162 beato
1050 4106 1145 4182 petro
1176 4098 1405 4184 apostolorum
1429 4096 1571 4184 principi
1595 4105 1629 4163 et
1653 4091 1810 4162 omnibus
1836 4087 1965 4158 sanctis

604 4193 745 4260 Necnon
775 4196 831 4282 vnj
856 4198 1032 4284 capellano
1054 4201 1185 4284 ydoneo
1208 4199 1324 4268 diuina
1347 4199 1531 4268 celebranti
1555 4209 1589 4266 et
1612 4221 1673 4286 pro
1695 4203 1856 4284 perpetuo
1878 4191 1964 4260 cele·

603 4297 740 4366 braturo
758 4301 810 4370 Ad
832 4303 939 4372 altare
962 4304 1052 4372 beati
1070 4305 1157 4391 petri
1180 4307 1364 4392 supradicti
1380 4307 1547 4374 situatum
1562 4305 1597 4371 in
1613 4301 1756 4372 ecclesia
1778 4295 1961 4386 parochialj

603 4401 693 4470 beati
715 4403 873 4494 nicholaij
894 4401 994 4496 burgi
1018 4411 1059 4477 de
1083 4410 1220 4478 abirden
1243 4413 1360 4480 decem
1384 4433 1518 4480 marcas
1539 4409 1667 4478 vsualis
1693 4403 1839 4492 monete}
1854 4403 1964 4472 scocie

602 4504 767 4576 leuandas
789 4511 964 4578 annuatim
988 4522 1022 4579 et
1045 4513 1339 4599 proportionaliter
1364 4517 1407 4582 ad
1430 4517 1515 4580 duos
1537 4513 1618 4582 anni
1640 4511 1803 4578 terminos
1828 4507 1964 4576 vsuales

603 4609 840 4694 penthecostes
856 4613 1012 4682 videlicet
1035 4627 1068 4683 et
1092 4616 1202 4685 sancti
1218 4617 1355 4704 martinj
1380 4615 1415 4682 in
1437 4638 1537 4702 yame
1559 4637 1619 4702 per
1640 4615 1777 4701 equales
1792 4611 1963 4700 portiones
