4472 5992
877 675 1069 760 Fragmenta
1580 750 1581 754 Ἰ
1612 687 1652 754 31

296 889 1342 918 ......................
1390 845 1563 914 Iohannes
1580 845 1655 913 Red

296 999 1451 1023 .......................
1501 1002 1509 1018 .
1532 971 1573 1020 ex
1588 971 1655 1022 vna

787 1127 977 1194 internodia
989 1132 1067 1214 pars
1087 1125 1166 1194 derel

298 1309 408 1374 Waus
425 1303 550 1371 Ricard
566 1304 607 1368 de
625 1300 745 1368 Kintor
762 1299 869 1367 Iohan
918 1349 1133 1366 .....
1146 1349 1183 1369 ,.
1228 1311 1264 1364 .’
1281 1348 1496 1366 ,,,,,
1534 1263 1549 1367 i,
1594 1350 1600 1366 ,
1646 1317 1783 1370 .fol.1o¹

297 1411 466 1478 malcomo
481 1409 587 1494 dakyr
601 1429 667 1474 vno
683 1405 914 1475 seriandorum
969 1453 1653 1476 ..............

298 1526 331 1584 et
349 1513 493 1600 Rogatis

969 1781 989 1848 1

392 1921 581 1990 MNIBUS
596 1920 685 1989 hanc
701 1931 831 1991 cartam
868 1973 1240 1994 ........
1252 1875 1255 1882 ¹
1283 1975 1657 1994 ........

436 2027 589 2094 Salutem
607 2027 780 2096 Noueritis
815 2079 1342 2100 ...........
1377 2053 1381 2060 ’
1388 2079 1657 2100 .......

300 2133 423 2202 dilecto
439 2133 616 2220 capellano
632 2155 708 2202 meo
767 2184 1656 2208 ...................

299 2237 550 2306 successoribus
565 2237 716 2308 eiusdem
732 2239 878 2310 altaris.
923 2293 930 2310 .
975 2293 982 2308 .
1027 2291 1034 2308 .
1078 2292 1086 2310 .
1131 2294 1137 2309 .
1181 2294 1189 2312 .
1233 2293 1243 2320 .,
1285 2293 1656 2312 ........

298 2351 355 2410 tur
369 2343 412 2410 ad
428 2341 557 2410 dictum
573 2343 679 2412 altare
712 2394 1656 2418 ...................

299 2447 467 2516 redditum
483 2449 679 2517 octodecem
711 2498 1656 2521 ...................

298 2562 389 2620 terra
404 2561 520 2622 nostra
537 2555 675 2622 iacente
690 2555 734 2623 ad
749 2554 851 2623 linem
867 2605 1657 2628 ................

299 2667 332 2727 et
347 2667 473 2728 temam
489 2659 650 2728 heredum
667 2661 839 2746 quondam
869 2710 1658 2732 ................

299 2764 410 2832 oriens
426 2775 459 2833 et
475 2765 633 2834 occidens
649 2767 737 2834 Item
763 2816 1656 2836 ..................

138 2875 146 2918 l
295 2869 467 2957 jacentem
484 2873 546 2940 sub
562 2873 593 2939 lc
609 2871 812 2940 hedomshill
870 2923 1657 2941 ................

300 2985 395 3064 parte
410 2987 444 3045 et
458 2987 584 3046 terram
600 2976 781 3046 Alexandri
797 2977 940 3048 houieon
974 3028 1657 3048 ..............

299 3081 450 3151 redditus
465 3105 543 3151 cum
560 3082 631 3150 suis
646 3083 863 3170 pertinenciis
921 3134 1656 3152 ...............

300 3173 398 3258 dibus
413 3189 510 3257 melis
525 3199 559 3258 et
575 3189 660 3257 meis
675 3189 858 3277 assignatis
922 3239 1655 3259 ...............

299 3293 430 3362 fundati
447 3315 505 3380 per
520 3295 690 3380 quondam
705 3295 792 3364 bone
807 3316 897 3364 mem
922 3343 1655 3366 ...............

300 3399 462 3468 leuandos
478 3401 521 3466 ad
537 3401 622 3468 duos
637 3399 717 3468 anni
733 3400 895 3470 terminos
919 3449 1654 3470 ...............

300 3503 497 3591 perequales
512 3505 688 3591 porciones
703 3505 749 3574 lib
768 3555 1654 3575 ..................

301 3609 520 3678 reuocacione
537 3610 674 3697 aliquali
691 3613 738 3679 Et
765 3661 1655 3682 ..................

300 3723 334 3782 et
351 3713 417 3781 mci
433 3714 596 3800 assignati
611 3715 702 3786 dicto
765 3767 1656 3787 ..................
1775 3717 1781 3732 '

300 3819 437 3890 domino
454 3821 603 3890 Roberto
619 3823 700 3892 Leis
764 3872 1657 3892 ..................
1668 3811 1671 3827 ”

300 3938 407 3997 terras
423 3937 558 3995 nostras
573 3927 658 3998 inira
711 3977 1658 3998 ...................

300 4043 352 4102 est
368 4041 486 4103 eontra
501 4055 569 4102 ann
610 4081 1657 4104 .....................
1682 4055 1685 4064 ·

300 4141 422 4207 domus
438 4141 479 4208 In
495 4139 591 4208 cuius
611 4187 1659 4208 .....................

301 4243 420 4330 Sigillo
454 4291 1658 4314 ........................

301 4349 414 4418 sasine
456 4397 1399 4420 ...................
1406 4435 1412 4453 ‚
1443 4395 1659 4416 .....

301 4465 379 4524 sunt
396 4477 439 4542 ap
505 4503 1661 4524 .......................

790 4629 981 4700 intermedia
997 4637 1074 4722 pars
1089 4629 1168 4700 deest
