4490 5990
618 723 681 784 roo
1014 706 1111 783 carta
1131 717 1279 804 magistri
1299 699 1477 802 Alexandrj
1501 701 1588 783 biset

617 891 767 958 'redditus
783 893 870 958 Cum
892 890 1109 976 pertinenciis
1130 892 1315 958 secundum
1331 896 1483 956 tenorem
1501 889 1590 956 dicte
1613 899 1705 956 carte
1729 889 1806 956 inde
1825 889 1976 955 conferte

617 993 680 1061 sibi
696 1002 730 1061 et
746 993 997 1061 successoribus
1009 993 1080 1060 suis
1096 995 1350 1079 Imperpetuum
1368 993 1590 1060 Remansuris
1606 995 1701 1060 Iuste
1716 993 1832 1061 haberi
1843 993 1977 1061 faciatis

617 1097 663 1164 Et
681 1096 753 1164 sine
773 1093 938 1164 dilacione
962 1118 1062 1182 super
1082 1118 1149 1181 qua
1168 1097 1290 1164 Sasina
1312 1119 1372 1182 per
1392 1119 1453 1163 vos
1476 1096 1524 1164 sic
1547 1105 1585 1163 ut
1609 1097 1815 1182 premittitur
1836 1119 1896 1182 per
1915 1118 1976 1164 vos

614 1199 788 1268 liberanda
810 1200 907 1269 vobis
930 1209 963 1268 et
984 1209 1134 1266 vestrum
1158 1197 1383 1284 alteri-‘meam
1408 1201 1543 1284 plenam
1570 1200 1747 1266 committo
1770 1209 1974 1286 potestatem

615 1318 676 1390 per
690 1312 864 1388 presentes
879 1303 1002 1389 quibus
1017 1303 1051 1368 in
1068 1303 1202 1389 signum
1220 1303 1340 1370 Sasine
1356 1324 1415 1390 per
1435 1325 1496 1370 vos
1515 1303 1639 1371 tradite
1659 1303 1808 1389 sigillum
1824 1313 1974 1372 vestrum

615 1415 693 1492 post
723 1427 836 1474 meum
868 1408 1079 1492 appendatur
1113 1407 1241 1474 Datum
1273 1407 1336 1473 sub
1367 1405 1486 1491 Sigillo
1517 1427 1592 1474 meo
1625 1410 1716 1493 apud
1750 1408 1975 1496 linharrochy

615 1509 707 1577 xxix⁰
727 1511 781 1578 die
801 1511 929 1578 mensis
950 1509 1154 1582 Nouembris
1173 1511 1272 1577 Anno
1293 1507 1420 1576 domini
1443 1509 1622 1576 millesimo
1642 1511 1974 1596 quadringentesimo

615 1613 894 1700 quinquagesimo
920 1622 1015 1680 sexto
1038 1613 1182 1680 testibus
1205 1611 1395 1679 Alexandro
1421 1614 1544 1698 Iruyne
1568 1615 1610 1680 de
1633 1613 1760 1681 beldeis
1783 1615 1973 1683 Alexandro

615 1717 791 1785 bewmond
807 1725 840 1784 et
855 1717 974 1785 thoma
989 1715 1116 1802 henrici
1134 1719 1222 1785 Cum
1239 1715 1393 1784 Diuersis
1411 1715 1487 1784 aliis
1505 1719 1555 1784 &c

1244 2081 1338 2146 LVI.
1363 2129 1365 2136 Α

1002 2221 1103 2289 Carta
1123 2221 1271 2308 magistri
1291 2197 1480 2308 Alexandri
1492 2221 1581 2288 bisset

705 2359 893 2428 MNIBUS
913 2357 1001 2426 hanc
1022 2365 1151 2424 cartam
1171 2355 1294 2423 visuris
1310 2357 1363 2422 vel
1381 2355 1554 2423 Audituris
1579 2357 1726 2425 Curatus
1746 2367 1779 2425 et
1803 2359 1968 2445 capellanj

747 2463 850 2534 Chori
862 2463 1002 2532 ecclesie
1014 2461 1232 2549 parrochialis
1243 2463 1338 2548 burgj
1352 2464 1393 2529 de
1404 2462 1594 2530 Abirdenne
1606 2463 1770 2530 Etemam
1787 2463 1821 2528 in
1833 2464 1970 2532 domino

614 2569 760 2636 salutem
783 2567 945 2635 noueritis
965 2588 1028 2633 nos
1041 2565 1193 2633 unanimi
1216 2585 1383 2633 consensu
1406 2575 1439 2633 et
1462 2589 1604 2634 assensu
1626 2567 1772 2634 vtilitate
1795 2579 1911 2637 nostra
1934 2569 1968 2636 in

610 2672 676 2741 hac
692 2681 787 2759 parte
801 2673 955 2756 undeque
973 2669 1107 2756 preuisa
1127 2677 1161 2736 et
1182 2668 1359 2754 diligenter
1378 2669 1590 2736 considerata
1611 2669 1743 2738 dedisse
1759 2672 1968 2740 concessisse

611 2779 654 2845 ad
669 2775 891 2844 leodifirmam
906 2771 1074 2842 dimisisse
1086 2781 1119 2839 et
1132 2772 1196 2840 hac
1212 2772 1359 2856 presentj
1377 2781 1471 2840 carta
1487 2783 1603 2840 nostra
1618 2773 1836 2841 confirmasse
1852 2785 1967 2843 nostro

609 2883 733 2950 dilecto
756 2879 913 2965 confratri
941 2877 1103 2964 magistro
1125 2877 1317 2944 Alexandro
1339 2876 1444 2944 bisset
1467 2877 1642 2963 capellano
1666 2889 1827 2964 perpetuo
1850 2880 1967 2948 altaris

610 2984 727 3070 Sanctj
754 2982 937 3070 Sanguinis
955 2981 1041 3051 intra
1064 2984 1206 3050 eandem
1232 2981 1349 3050 situati
1372 2991 1480 3050 totam
1501 2991 1535 3050 et
1555 2983 1721 3068 integram
1744 2993 1869 3050 terram
1890 3005 1966 3051 nos·

607 3097 696 3156 tram
721 3087 919 3155 Interiorem
940 3109 1017 3154 cum
1041 3087 1112 3154 suis
1130 3085 1347 3172 pertinenciis
1371 3087 1544 3154 Iacentem
1566 3086 1651 3155 infra
1671 3087 1799 3154 dictum
1822 3089 1965 3174 burgum

607 3193 643 3262 in
666 3193 742 3262 vico
768 3193 937 3280 superiore
962 3193 1104 3261 ecclesie
1130 3214 1171 3259 ex
1194 3192 1319 3260 boreali
1346 3201 1441 3277 parte
1467 3193 1618 3260 eiusdem
1641 3193 1707 3260 vici
1731 3193 1819 3260 inter
1840 3203 1965 3261 terram

606 3299 748 3385 Agnetis
775 3297 952 3384 stirueling
976 3319 1017 3365 ex
1042 3297 1196 3365 orientali
1223 3319 1264 3365 ex
1289 3319 1355 3366 vna
1384 3307 1418 3366 et
1445 3307 1570 3366 terram
1593 3299 1763 3384 quondam
1786 3297 1962 3384 Wilhelmj

607 3405 745 3472 scherar
758 3425 800 3471 ex
814 3403 1014 3472 occidentali
1033 3403 1185 3489 partibus
1205 3405 1248 3471 ab
1266 3403 1373 3470 altera
1394 3405 1440 3471 Et
1458 3412 1583 3470 terram
1601 3411 1790 3488 margarete
1810 3402 1964 3470 buchane

605 3529 723 3576 versus
746 3517 899 3576 austrum
922 3509 1158 3576 extendentem
1179 3507 1214 3574 in
1238 3507 1447 3594 longitudine
1467 3511 1510 3576 ad
1530 3510 1756 3594 aqueductum
1780 3505 1964 3574 molendin-

605 3634 702 3682 orum
716 3635 835 3682 versus
854 3615 990 3682 boream
1004 3612 1203 3681 Tenendam
1218 3623 1252 3680 et
1267 3614 1457 3681 habendam
1475 3623 1584 3681 totam
1600 3621 1634 3680 et
1654 3611 1820 3697 integram
1836 3609 1962 3678 dictam

606 3725 732 3785 terram
748 3739 827 3786 cum
843 3717 915 3786 suis
935 3716 1152 3804 pertinenciis
1172 3717 1301 3802 prefato
1322 3718 1485 3803 magistro
1505 3718 1695 3808 Alexandro
1715 3737 1775 3802 pro
1790 3725 1864 3782 toto
1878 3725 1962 3782 tem·

605 3838 686 3906 pore
696 3819 764 3886 vite
776 3841 836 3888 sue
848 3822 895 3888 Et
907 3829 1151 3905 consequenter
1162 3819 1314 3887 murielle
1330 3829 1405 3906 prat
1417 3821 1517 3906 matrj
1529 3843 1589 3888 sue
1599 3821 1720 3905 quibus
1730 3819 1963 3887 deficientibus

605 3923 722 3990 thome
742 3923 847 3990 bisset
867 3923 960 4009 iratrj
986 3945 1047 3990 suo
1069 3943 1231 4008 germano
1252 3945 1312 4009 pro
1334 3932 1407 3990 toto
1427 3934 1579 4010 ternpore
1600 3923 1669 3990 vite
1685 3944 1745 3989 sue
1765 3933 1798 3990 et
1816 3923 1959 4008 lohannj

606 4025 710 4095 bisset
733 4035 767 4092 et
790 4026 925 4112 georgio
949 4025 1053 4093 bisset
1076 4047 1259 4110 eorumque
1282 4025 1414 4092 diucius
1435 4027 1561 4093 viventi
1584 4027 1663 4093 filiis
1685 4026 1765 4112 dictj
1787 4026 1904 4094 thome
1926 4027 1961 4092 in

605 4129 710 4196 libero
735 4129 896 4215 burgagio
918 4127 1040 4213 quibus
1062 4128 1295 4195 deficientibus
1324 4129 1421 4196 nobis
1446 4131 1574 4196 Iterum
1599 4131 1848 4196 Reuertendam
1873 4133 1960 4198 Cum

607 4233 774 4300 Omnibus
787 4234 833 4298 Et
846 4231 987 4318 singulis
1000 4232 1211 4299 libertatibus
1224 4233 1531 4300 Commoditatibus
1543 4245 1576 4300 et
1588 4233 1786 4301 asiamentis
1801 4257 1841 4301 ac
1855 4236 1961 4301 Iustis

606 4336 677 4402 suis
696 4335 912 4420 pertinenciis
927 4335 1181 4421 quibuscunque
1197 4337 1239 4402 ad
1256 4335 1382 4403 dictam
1397 4346 1522 4403 terram
1541 4359 1619 4405 cum
1634 4338 1852 4422 pertinenciis
1867 4361 1960 4424 spec-

604 4440 757 4508 tentibus
784 4461 842 4506 seu
872 4441 965 4506 Iuste
990 4449 1142 4528 spectare
1162 4439 1352 4506 valentibus
1373 4441 1622 4524 quomodolibet
1643 4441 1677 4506 in
1696 4441 1847 4508 futurum
1866 4445 1960 4510 Adeo

605 4547 707 4616 libere
719 4546 868 4632 plenarie
882 4547 1016 4630 Integre
1032 4544 1214 4611 honorifice
1230 4547 1360 4612 beneet
1372 4546 1407 4611 in
1419 4567 1503 4630 pace
1515 4545 1550 4612 in
1562 4547 1763 4614 omnibuset
1776 4547 1961 4632 peremnia

605 4651 691 4720 sicut
708 4651 820 4738 aliqua
835 4661 925 4719 terra
940 4651 1026 4718 infra
1041 4651 1170 4718 dictum
1186 4652 1328 4737 burgum
1345 4653 1388 4719 ad
1403 4651 1624 4720 leodifirmam
1640 4655 1741 4721 datur
1755 4655 1960 4723 Conceditur
