4472 5992
639 695 737 768 Carta
763 697 925 768 Wilhelmi
945 697 1081 767 Scirem
1101 699 1255 789 Prepesiti

940 981 983 1048 X.

548 1127 732 1196 willelmus
747 1127 882 1196 Sclurar
895 1127 972 1195 olim
980 1129 1150 1216 prepositis
1166 1129 1202 1196 de
1216 1129 1364 1196 aberdenc

357 1278 587 1347 NIUERSIS
600 1277 727 1346 Christi
739 1279 894 1348 fidelibus
908 1281 1009 1348 Hanc
1021 1289 1151 1348 cartam
1161 1280 1295 1348 Visuris
1307 1282 1361 1350 uel
1374 1281 1539 1350 audituris
1548 1283 1634 1351 Wil-

399 1381 522 1450 lelmus
543 1383 688 1452 Scherar
709 1383 886 1470 burgensis
908 1382 1004 1472 burgi
1024 1385 1066 1452 de
1088 1385 1256 1454 abrodene
1279 1385 1424 1454 salutem
1444 1383 1478 1452 in
1497 1386 1635 1455 domino

273 1487 514 1575 sempiternam
531 1488 620 1577 Quia
634 1511 694 1576 per
709 1491 851 1558 denotas
868 1488 1044 1558 oraciones
1059 1511 1099 1558 ac
1114 1489 1296 1558 missarum
1316 1490 1565 1560 celebraciones
1578 1491 1634 1560 vbi

273 1593 421 1662 christus
436 1593 489 1663 dei
505 1594 595 1661 filius
617 1614 677 1681 pro
700 1593 850 1680 peccatis
872 1593 998 1662 nostris
1019 1593 1107 1682 patri
1131 1595 1269 1664 offertur
1290 1593 1467 1682 presertim
1487 1595 1635 1666 creditur

272 1709 414 1786 peccata
442 1698 568 1768 dimitti
598 1699 850 1786 purgatorijque
878 1721 985 1788 penas
1014 1699 1168 1768 demoliri
1194 1710 1228 1768 et
1254 1702 1297 1770 ab
1327 1700 1369 1768 iis
1398 1701 1633 1770 defunctorum

272 1803 406 1874 animas
430 1805 643 1891 frequencius
668 1805 801 1874 liberari
825 1805 922 1874 acin
945 1805 1092 1893 paradisi
1118 1805 1252 1894 gaudiis
1278 1805 1435 1876 collocari
1463 1806 1555 1874 Hinc
1581 1817 1634 1874 est

272 1911 362 1996 quod
385 1911 461 1996 Ego
483 1909 679 1978 Willelmus
702 1911 847 1978 Scherar
868 1910 1040 1996 predictus
1064 1911 1119 1998 pie
1143 1909 1340 1980 deuocionis
1365 1912 1487 1980 effectu
1511 1913 1635 1980 ductus

272 2037 349 2084 cum
384 2037 551 2084 consensu
581 2025 615 2084 et
644 2035 787 2084 assensu
826 2017 952 2084 labelle
981 2015 1093 2084 vxoris
1127 2037 1201 2084 mee
1239 2015 1413 2084 carissime
1442 2015 1477 2084 in
1507 2016 1634 2086 honore

272 2130 390 2188 sancte
408 2130 441 2188 et
462 2119 640 2190 Indiuidue
663 2119 826 2190 trinitatis
846 2121 953 2208 patris
976 2121 1034 2210 filij
1053 2131 1086 2190 et
1103 2121 1241 2208 spiritus
1260 2121 1369 2190 sancti
1391 2121 1634 2208 gloriosissime

270 2224 410 2313 virginis
433 2226 538 2294 marie
561 2225 651 2296 beati
674 2226 813 2296 duthaci
832 2247 980 2296 necnon
1005 2237 1122 2296 sancte
1145 2226 1272 2314 brigide
1295 2225 1514 2312 omniumque
1537 2247 1633 2294 sanc·

271 2341 382 2400 torum
399 2331 452 2400 dei
471 2333 506 2400 in
524 2332 838 2420 augmentationem
861 2332 960 2402 vnius
983 2343 1143 2420 perpetue
1166 2333 1353 2420 capellanie
1375 2332 1433 2402 vni
1457 2333 1634 2420 capellano

269 2437 402 2522 ydoneo
428 2447 589 2522 perpetue
615 2437 825 2506 celebraturo
845 2437 880 2504 in
900 2436 1045 2506 ecclesia
1071 2437 1256 2524 parochiali
1281 2437 1370 2507 beati
1398 2437 1565 2525 Nycholai
1592 2439 1635 2506 de

271 2543 438 2612 abrodene
457 2544 500 2612 ad
519 2543 625 2612 altare
651 2542 741 2612 beati
764 2541 903 2612 duthaci
926 2563 986 2630 per
1005 2542 1255 2612 aldirmannum
1281 2541 1426 2612 balliuos
1446 2542 1634 2612 communi·

270 2656 377 2716 tatem
396 2649 437 2718 de
456 2651 624 2718 abrodene
642 2651 686 2718 ab
704 2649 844 2736 antiquo
862 2648 896 2716 in
917 2657 1013 2735 parte
1027 2649 1206 2718 fundatum
1231 2651 1385 2718 Eandem
1409 2649 1633 2736 capellaniam

271 2755 312 2822 de
338 2775 428 2824 nouo
458 2754 622 2842 ampliare
651 2757 768 2826 dotare
795 2765 828 2824 et
855 2765 1076 2843 augmentare
1101 2755 1239 2824 domino
1264 2755 1399 2824 favente
1425 2755 1575 2842 disposuj
1599 2763 1634 2824 et

270 2859 422 2948 ordinauj
454 2883 532 2932 cum
562 2861 661 2930 terris
687 2872 721 2930 et
748 2859 871 2930 annuis
901 2861 987 2931 meis
1018 2861 1205 2932 redditibus
1234 2858 1458 2946 infrascriptis
1485 2879 1632 2928 mecum

271 2983 439 3034 consensu
472 2975 505 3034 et
540 2985 682 3034 assensu
718 2965 930 3052 aldromannj
968 2965 1170 3035 balliuorum
1202 2974 1238 3033 et
1271 2963 1528 3034 communitatis
1561 2983 1633 3050 pre·

270 3069 437 3140 dictorum
462 3081 560 3159 prout
583 3071 618 3140 in
641 3069 748 3140 literis
770 3071 967 3158 patentibus
989 3073 1171 3142 eorundem
1195 3092 1250 3139 me
1272 3080 1306 3138 et
1329 3069 1415 3138 meis
1437 3068 1634 3138 constitutis

270 3177 312 3244 de
339 3178 417 3245 lure
446 3186 646 3264 patronatus
676 3176 757 3246 dicti
788 3177 906 3246 altaris
928 3179 1072 3264 desuper
1095 3175 1258 3246 confectis
1283 3175 1416 3263 plenius
1441 3173 1634 3244 continetur

271 3281 413 3350 Nouerit
436 3280 539 3369 igitur
553 3281 768 3352 Vniuersitas
790 3294 905 3352 uestra
929 3303 983 3352 me
1006 3303 1085 3352 cum
1108 3303 1276 3350 consensu
1297 3290 1331 3348 et
1352 3299 1494 3348 assensu
1517 3299 1632 3364 supra·

263 3373 371 3456 'dictis
388 3387 502 3457 diuine
523 3389 824 3476 contemplacionis
840 3387 966 3458 intuitu
986 3387 1120 3457 dedisse
1140 3385 1349 3457 concessisse
1363 3394 1398 3453 et
1413 3384 1632 3454 confirmasse

270 3513 310 3560 ac
336 3501 452 3562 tenore
478 3493 690 3580 presencium
717 3497 797 3563 dare
826 3497 1010 3562 concedere
1032 3503 1066 3562 et
1096 3495 1162 3562 hac
1190 3491 1338 3580 presenti
1368 3499 1464 3560 carta
1489 3509 1566 3558 mea
1589 3489 1632 3556 ad

270 3605 439 3666 mortuam
455 3619 596 3666 manum
611 3597 645 3666 in
662 3609 827 3685 quantum
843 3599 877 3667 in
893 3621 948 3666 me
966 3609 1018 3667 est
1042 3599 1241 3668 confirmare
1263 3599 1327 3666 deo
1341 3605 1376 3664 et
1390 3593 1632 3682 gloriosissime

270 3699 400 3788 Virgini
425 3701 531 3770 marie
557 3703 735 3794 beatisque
758 3705 909 3774 duthaco
931 3715 964 3773 et
988 3703 1116 3792 brigide
1138 3702 1270 3792 Virgini
1297 3701 1454 3787 dictoque
1476 3699 1575 3770 altari
1597 3710 1631 3768 et

269 3806 400 3892 capello
433 3807 545 3878 Inhibi
579 3831 640 3896 pro
674 3820 837 3898 perpetuo
870 3811 1080 3880 celebraturo
1106 3831 1167 3898 pro
1200 3809 1311 3878 salute
1344 3807 1457 3876 anime
1490 3827 1564 3875 mee
1598 3815 1631 3874 et

269 3909 459 3980 animarum
492 3911 605 3981 uxoris
642 3935 716 3982 mee
749 3913 899 4002 predicte
930 3935 971 3984 ac
1002 3923 1137 4001 patrum
1168 3924 1202 3983 et
1234 3923 1382 3982 matrum
1414 3931 1566 3980 meorum
1597 3919 1631 3978 et

268 4014 417 4101 priorum
446 4018 663 4086 fundatorum
696 4018 846 4088 eiusdem
885 4019 1072 4106 capellanie
1109 4027 1288 4106 parentum
1325 4026 1359 4084 et
1397 4035 1630 4084 successorum

269 4141 420 4190 meorum
449 4123 591 4192 fratrum
625 4133 659 4192 et
693 4147 846 4194 sororum
875 4134 910 4193 et
940 4125 1192 4194 benefactorum
1227 4141 1378 4191 meorum
1412 4119 1631 4206 omniumque

268 4224 410 4294 aliorum
426 4226 580 4296 uiuorum
600 4238 634 4296 et
658 4229 892 4298 defunctorum
909 4251 930 4298 a
948 4253 1015 4317 quo
1030 4230 1122 4298 uela
1144 4228 1266 4316 quibus
1288 4227 1402 4312 eliqua
1416 4228 1506 4296 bona
1519 4223 1631 4310 recepi

268 4340 301 4398 et
327 4331 454 4400 eisdem
482 4335 525 4402 ad
552 4333 757 4422 condignum
784 4357 852 4404 non
879 4333 1027 4404 satisfeci
1052 4335 1179 4422 'fotum
1209 4333 1292 4402 illud
1322 4340 1555 4401 tenementum
1578 4329 1632 4398 via

267 4445 392 4504 terram
416 4458 528 4506 meam
552 4448 624 4508 tam
647 4450 781 4508 vastam
808 4443 981 4510 lucentem
1003 4441 1037 4508 in
1052 4439 1128 4508 vico
1150 4437 1290 4509 nauium
1313 4435 1395 4506 dicti
1421 4433 1517 4521 burgi
1543 4434 1632 4502 inter

267 4549 393 4609 terram
414 4542 580 4610 Willelmi
604 4545 691 4612 moir
715 4555 875 4633 exparte
898 4545 1099 4614 occidentali
1122 4565 1164 4614 ex
1177 4565 1245 4612 vna
1264 4553 1298 4612 et
1318 4551 1443 4610 terram
1468 4537 1632 4608 Iohannis

269 4646 376 4714 Gouis
391 4667 432 4714 ex
451 4647 606 4716 orientali
627 4650 781 4736 partibus
810 4651 877 4731 [sic]
906 4653 949 4720 ab
970 4651 1077 4718 altera
1095 4659 1129 4718 et
1147 4647 1255 4718 eciam
1278 4657 1404 4715 terram
1427 4665 1538 4716 meam
1558 4653 1630 4712 tam

1657 1141 1701 1192 fol.
1713 1139 1746 1193 0¹
