4488 5996
645 663 709 752 276
981 661 1103 730 Tabala
1124 661 1248 748 Regum
1269 659 1511 748 europamque
1530 657 1673 748 gentium

643 833 877 906 testimonium
892 833 1133 924 premissorum
1149 833 1227 904 huic
1243 832 1391 922 presenti
1404 841 1498 902 carte
1512 841 1628 902 nostre
1639 841 1834 921 preceptum
1846 841 2000 904 nostmm

644 939 757 1012 sasine
783 941 818 1012 in
848 963 885 1012 se
911 941 1098 1012 continenti
1124 939 1428 1028 subscriptionibus
1454 938 1580 1008 nostris
1606 935 1822 1010 manualibus
1846 942 2001 1011 roborate

646 1047 802 1135 Sigillum
831 1069 1011 1118 commune
1037 1047 1176 1135 capituli
1207 1045 1313 1116 nostri
1343 1055 1395 1115 est
1422 1067 1609 1134 appensum
1632 1045 1790 1116 abirdene
1816 1043 2001 1134 primodie

646 1151 772 1221 mensis
799 1153 914 1240 marcij
941 1155 1039 1222 Anno
1063 1151 1191 1222 domini
1218 1150 1398 1222 millesimo
1424 1147 1696 1238 quingentesimo
1722 1149 2001 1238 quinquagesimo

646 1259 779 1326 Octauo
812 1261 935 1328 Coram
968 1258 1113 1330 testibus
1142 1259 1324 1328 alexandro
1354 1257 1465 1326 cullen
1498 1258 1680 1326 alexandro
1712 1255 1832 1346 quhyit
1861 1257 2000 1327 henrico

645 1363 798 1452 naughty
813 1366 961 1435 eduardo
976 1365 1185 1434 donaldsone
1204 1363 1427 1452 burgensibus
1442 1369 1476 1432 el
1492 1362 1612 1432 incolis
1627 1361 1709 1432 dicti
1725 1361 1822 1451 burgi
1841 1361 2000 1432 willelmo

644 1467 739 1556 philp
769 1468 936 1556 piscatore
965 1469 1103 1539 domino
1134 1472 1262 1539 Ioanne
1288 1469 1373 1556 lesly
1398 1467 1574 1556 capellano
1603 1469 1783 1538 alexandro
1811 1467 2018 1552 Iohnstouo·

644 1575 822 1662 sergiando
837 1575 1009 1662 magistris
1028 1577 1157 1644 Ioanne
1177 1575 1350 1662 kennedye
1369 1582 1404 1641 ct
1425 1575 1550 1642 andrea
1570 1573 1675 1660 leslye
1695 1569 1837 1642 notariis
1856 1573 2000 1661 publicis

644 1702 722 1748 cum
738 1679 880 1749 diuersis
895 1681 971 1750 aliis
988 1683 1034 1750 Et
1050 1681 1099 1750 sic
1115 1679 1336 1752 subscribitur
1352 1681 1407 1749 Ita
1422 1678 1473 1748 eal
1489 1679 1647 1748 dominus
1664 1681 1811 1748 Ioannes
1826 1681 1999 1750 collcsoun

643 1781 789 1851 vicarius
803 1785 846 1852 ad
862 1784 924 1852 hec
944 1805 1047 1852 manu
1068 1783 1202 1872 propria
1223 1781 1385 1870 magister
1406 1783 1553 1852 Ioannes
1573 1783 1729 1870 kennedy
1742 1805 1848 1852 manu
1866 1778 2000 1872 propria

646 1889 701 1956 lta
716 1898 767 1956 cst
783 1887 940 1956 dominus
955 1890 1108 1958 robertus
1123 1891 1224 1978 spark
1235 1911 1338 1958 manu
1354 1887 1488 1976 proprid
1501 1887 1645 1958 Iacobus
1660 1889 1798 1978 berclay
1809 1913 1913 1960 manu
1925 1913 1999 1979 pro·

645 1991 718 2078 pria
735 1993 789 2061 Ita
803 2003 856 2062 cst
871 1991 1029 2062 dominus
1044 1993 1236 2064 wilhelmus
1249 1993 1375 2063 walcar
1395 2013 1498 2062 manu
1518 1993 1653 2080 propria
1673 1993 1832 2064 dominus
1854 1997 2001 2067 Ioannes

644 2096 790 2183 Wrycht
814 2119 876 2166 sua
899 2118 1003 2166 manu
1023 2097 1181 2166 dominus
1203 2099 1349 2165 Ioannes
1368 2095 1539 2184 goldsmyt
1564 2117 1668 2165 manu
1688 2097 1823 2184 propria
1842 2097 2001 2168 dominus

645 2203 826 2272 alexander
839 2203 935 2272 leslie
950 2205 993 2273 ad
1008 2204 1071 2272 hec
1089 2205 1144 2272 Ita
1158 2212 1211 2272 est
1226 2201 1384 2272 dominus
1400 2205 1547 2272 Ioannes
1564 2203 1645 2272 blak
1665 2223 1769 2273 manu
1789 2205 1924 2292 propria
1946 2207 2000 2274 Ita

646 2316 698 2375 est
730 2307 887 2376 dominus
918 2307 1099 2378 alexander
1128 2309 1326 2378 robertsoun
1361 2329 1465 2376 manu
1498 2307 1633 2394 propria
1667 2309 1722 2380 Ita
1753 2317 1806 2378 cst
1839 2307 2001 2398 magister
2052 2327 2062 2340 '

645 2412 814 2482 eduardus
837 2411 1008 2500 mengzeis
1031 2431 1134 2480 manu
1157 2411 1292 2500 propria
1314 2422 1368 2482 etc
1391 2423 1445 2482 etc

777 2569 832 2636 Ita
850 2577 902 2636 est
923 2565 1085 2656 magister
1105 2567 1259 2640 Thomas
1279 2569 1459 2638 mollisoun
1482 2567 1635 2640 notarius
1655 2569 1810 2658 publicus
1829 2595 1870 2644 ac
1891 2573 2001 2646 scriba

777 2671 967 2741 communis
990 2675 1085 2760 bur.
1109 2675 1151 2742 de
1171 2675 1337 2744 aberdene
1356 2673 1504 2749 'restam
1525 2674 1613 2744 hanc
1633 2697 1747 2748 veram
1770 2699 1845 2750 esse
1867 2679 2000 2768 copiam

777 2775 973 2864 principalis
992 2787 1086 2849 carte
1105 2778 1292 2866 leudifirme
1312 2801 1371 2865 per
1390 2789 1546 2848 curatum
1565 2788 1599 2850 et
1619 2781 1814 2868 capellanos
1834 2785 1929 2854 chori
1949 2810 2001 2856 ec·

776 2881 878 2950 clesie
898 2883 1100 2971 parochialis
1117 2883 1186 2971 diuj
1210 2883 1342 2971 Nicolaj
1362 2886 1404 2954 de
1422 2883 1580 2954 abirdene
1598 2889 1768 2974 quondam
1790 2891 1914 2962 andree
1935 2893 2002 2964 buk

772 2992 810 3056 'et
834 2987 971 3058 metilde
998 3009 1157 3077 mengzes
1182 2989 1255 3058 eius
1278 3011 1401 3076 sponse
1423 2992 1465 3060 de
1487 2989 1632 3078 piscaria
1659 2993 1850 3082 subscripta
1872 2998 2002 3066 conlec-

776 3101 848 3162 tam
886 3093 1146 3164 collacionatam
1181 3115 1242 3182 per
1277 3115 1332 3163 me
1367 3095 1627 3166 concordantem
1662 3093 1697 3168 in
1733 3099 1890 3172 omnibus
1924 3123 2002 3174 cum

777 3197 955 3288 principali

675 3371 751 3441 Post
764 3371 1059 3463 quinquefolium
1073 3373 1274 3443 interuallum
1289 3381 1331 3442 est
1346 3375 1453 3442 tabula
1467 3397 1576 3464 regum
1585 3375 1822 3474 primipumpru
1833 3381 1976 3470 gentium

1233 3488 1268 3549 ul
1286 3481 1423 3568 sequitur

1224 3655 1288 3723 LE
1311 3655 1432 3722 PAPE

780 3777 987 3864 Lempereur
1001 3780 1043 3848 de
1058 3778 1262 3848 Constantio
1456 3777 1487 3846 le
1504 3779 1763 3866 Roydezolbth

824 3881 935 3950 Noble
1456 3885 1506 3950 Le
1523 3885 1842 3972 Roydcnouergue

782 3987 988 4072 Lempereur
1002 3987 1044 4057 de
1061 3991 1170 4057 Rome
1456 3989 1487 4056 le
1504 3991 1581 4076 Roy
1597 3989 1811 4075 Danglitene

782 4091 832 4159 Le
849 4093 925 4180 Roy
939 4093 981 4161 dc
995 4093 1109 4161 france
1457 4093 1506 4162 Le
1524 4095 1599 4181 Roy
1613 4095 1655 4162 de
1671 4115 1785 4164 ocosse

781 4195 831 4262 Le
848 4195 925 4282 Roy
939 4197 981 4264 de
996 4194 1136 4283 spaigne

782 4299 813 4366 le
830 4301 905 4386 Roy
920 4303 1085 4388 darragoil
1454 4303 1507 4369 Le
1525 4303 1600 4390 Roy
1615 4301 1798 4390 honguen'e

783 4405 833 4472 Le
851 4407 926 4492 Roy
943 4407 1019 4493 Roy
1034 4408 1076 4475 de
1091 4427 1235 4477 nauarre
1452 4408 1508 4474 *Le
1525 4393 1601 4494 Roy
1616 4407 1657 4475 de
1672 4405 1806 4494 polanis

781 4509 831 4576 Le
848 4509 924 4596 Roy
939 4508 1128 4598 portingale
1458 4513 1508 4578 Le
1526 4512 1601 4598 Roy
1611 4512 1657 4580 ,de
1673 4511 1841 4598 bahaigne

782 4615 832 4682 Le
849 4617 924 4702 Roy
939 4607 1185 4704 da⁹nemarque
1461 4617 1510 4684 Le
1533 4617 1608 4703 Roy
1628 4619 1670 4686 de
1692 4617 2010 4687 cranarthdamarth
