<?xml version="1.0" encoding="UTF-8"?>
<!DOCTYPE html PUBLIC "-//W3C//DTD XHTML 1.0 Transitional//EN"
    "http://www.w3.org/TR/xhtml1/DTD/xhtml1-transitional.dtd">
<html xmlns="http://www.w3.org/1999/xhtml" xml:lang="en" lang="en">
 <head>
  <title>
</title>
<meta http-equiv="Content-Type" content="text/html;charset=utf-8" />
  <meta name='ocr-system' content='tesseract 3.04.00' />
  <meta name='ocr-capabilities' content='ocr_page ocr_carea ocr_par ocr_line ocrx_word'/>
</head>
<body>
  <div class='ocr_page' id='page_1' title='image "./cartulariumeccl00logagoog_0095.png"; bbox 0 0 4490 5990; ppageno 0'>
   <div class='ocr_carea' id='block_1_1' title="bbox 509 673 1648 790">
    <p class='ocr_par' dir='ltr' id='par_1_1' title="bbox 509 673 1648 790">
     <span class='ocr_line' id='line_1_1' title="bbox 509 673 1648 790; baseline 0.007 -26"><span class='ocrx_word' id='word_1_1' title='bbox 509 695 673 764; x_wconf 71' lang='lat' dir='ltr'><strong>Fundaeio</strong></span> <span class='ocrx_word' id='word_1_2' title='bbox 694 697 847 766; x_wconf 78' lang='lat' dir='ltr'><strong>Dumam‘</strong></span> <span class='ocrx_word' id='word_1_3' title='bbox 868 673 1002 766; x_wconf 70' lang='lat' dir='ltr'><strong>Sclrerar</strong></span> <span class='ocrx_word' id='word_1_4' title='bbox 1022 701 1066 766; x_wconf 83' lang='lat' dir='ltr'><strong>ad</strong></span> <span class='ocrx_word' id='word_1_5' title='bbox 1086 701 1186 768; x_wconf 79' lang='lat' dir='ltr'><strong>altare</strong></span> <span class='ocrx_word' id='word_1_6' title='bbox 1210 701 1323 770; x_wconf 77' lang='lat' dir='ltr'><strong>Sancti</strong></span> <span class='ocrx_word' id='word_1_7' title='bbox 1344 704 1433 770; x_wconf 80' lang='lat' dir='ltr'><strong>Petri</strong></span> <span class='ocrx_word' id='word_1_8' title='bbox 1605 706 1648 790; x_wconf 77' lang='lat'><strong>67</strong></span> 
     </span>
    </p>
   </div>
   <div class='ocr_carea' id='block_1_2' title="bbox 277 871 1751 4640">
    <p class='ocr_par' dir='ltr' id='par_1_2' title="bbox 277 871 1751 4640">
     <span class='ocr_line' id='line_1_2' title="bbox 281 871 1643 957; baseline 0.007 -21"><span class='ocrx_word' id='word_1_9' title='bbox 281 879 315 936; x_wconf 91' lang='lat' dir='ltr'><strong>et</strong></span> <span class='ocrx_word' id='word_1_10' title='bbox 340 879 464 938; x_wconf 90' lang='lat' dir='ltr'><strong>terram</strong></span> <span class='ocrx_word' id='word_1_11' title='bbox 486 872 655 956; x_wconf 87' lang='lat' dir='ltr'><strong>quondam</strong></span> <span class='ocrx_word' id='word_1_12' title='bbox 679 871 825 957; x_wconf 91' lang='lat' dir='ltr'><strong>duncanj</strong></span> <span class='ocrx_word' id='word_1_13' title='bbox 850 871 1000 940; x_wconf 89' lang='lat' dir='ltr'><strong>lundoris</strong></span> <span class='ocrx_word' id='word_1_14' title='bbox 1020 895 1061 940; x_wconf 86' lang='lat' dir='ltr'><strong>ex</strong></span> <span class='ocrx_word' id='word_1_15' title='bbox 1083 874 1208 942; x_wconf 88' lang='lat' dir='ltr'><strong>boreali</strong></span> <span class='ocrx_word' id='word_1_16' title='bbox 1233 875 1297 942; x_wconf 92' lang='lat' dir='ltr'><strong>Pro</strong></span> <span class='ocrx_word' id='word_1_17' title='bbox 1319 895 1386 942; x_wconf 88' lang='lat' dir='ltr'><strong>vno</strong></span> <span class='ocrx_word' id='word_1_18' title='bbox 1412 875 1643 946; x_wconf 92' lang='lat' dir='ltr'><strong>anniuersario</strong></span> 
     </span>
     <span class='ocr_line' id='line_1_3' title="bbox 283 974 1642 1070; baseline 0.007 -28"><span class='ocrx_word' id='word_1_19' title='bbox 283 974 425 1062; x_wconf 88' lang='lat' dir='ltr'><strong>singulis</strong></span> <span class='ocrx_word' id='word_1_20' title='bbox 441 975 541 1044; x_wconf 91' lang='lat' dir='ltr'><strong>annis</strong></span> <span class='ocrx_word' id='word_1_21' title='bbox 556 978 599 1044; x_wconf 87' lang='lat' dir='ltr'><strong>ad</strong></span> <span class='ocrx_word' id='word_1_22' title='bbox 615 997 776 1063; x_wconf 88' lang='lat' dir='ltr'><strong>magnum</strong></span> <span class='ocrx_word' id='word_1_23' title='bbox 792 977 908 1046; x_wconf 86' lang='lat' dir='ltr'><strong>Altare</strong></span> <span class='ocrx_word' id='word_1_24' title='bbox 923 978 1073 1046; x_wconf 90' lang='lat' dir='ltr'><strong>eiusdem</strong></span> <span class='ocrx_word' id='word_1_25' title='bbox 1089 979 1265 1048; x_wconf 85' lang='lat' dir='ltr'><strong>annuatim</strong></span> <span class='ocrx_word' id='word_1_26' title='bbox 1282 981 1482 1050; x_wconf 88' lang='lat' dir='ltr'><strong>celebrando</strong></span> <span class='ocrx_word' id='word_1_27' title='bbox 1498 1006 1558 1070; x_wconf 89' lang='lat' dir='ltr'><strong>pro</strong></span> <span class='ocrx_word' id='word_1_28' title='bbox 1574 983 1642 1051; x_wconf 90' lang='lat' dir='ltr'><strong>illis</strong></span> 
     </span>
     <span class='ocr_line' id='line_1_4' title="bbox 282 1081 1641 1176; baseline 0.007 -29"><span class='ocrx_word' id='word_1_29' title='bbox 282 1099 342 1165; x_wconf 90' lang='lat' dir='ltr'><strong>pro</strong></span> <span class='ocrx_word' id='word_1_30' title='bbox 365 1081 487 1166; x_wconf 93' lang='lat' dir='ltr'><strong>quibus</strong></span> <span class='ocrx_word' id='word_1_31' title='bbox 513 1103 607 1150; x_wconf 90' lang='lat' dir='ltr'><strong>orare</strong></span> <span class='ocrx_word' id='word_1_32' title='bbox 629 1092 747 1150; x_wconf 91' lang='lat' dir='ltr'><strong>teneor</strong></span> <span class='ocrx_word' id='word_1_33' title='bbox 772 1083 807 1150; x_wconf 93' lang='lat' dir='ltr'><strong>in</strong></span> <span class='ocrx_word' id='word_1_34' title='bbox 832 1083 919 1152; x_wconf 87' lang='lat' dir='ltr'><strong>festo</strong></span> <span class='ocrx_word' id='word_1_35' title='bbox 946 1085 1064 1154; x_wconf 83' lang='lat' dir='ltr'><strong>Sancti</strong></span> <span class='ocrx_word' id='word_1_36' title='bbox 1091 1086 1213 1172; x_wconf 91' lang='lat' dir='ltr'><strong>molocj</strong></span> <span class='ocrx_word' id='word_1_37' title='bbox 1241 1088 1321 1154; x_wconf 92' lang='lat' dir='ltr'><strong>dum</strong></span> <span class='ocrx_word' id='word_1_38' title='bbox 1347 1087 1461 1156; x_wconf 83' lang='lat' dir='ltr'><strong>vixero</strong></span> <span class='ocrx_word' id='word_1_39' title='bbox 1491 1091 1537 1156; x_wconf 92' lang='lat' dir='ltr'><strong>Et</strong></span> <span class='ocrx_word' id='word_1_40' title='bbox 1564 1099 1641 1176; x_wconf 92' lang='lat' dir='ltr'><strong>post</strong></span> 
     </span>
     <span class='ocr_line' id='line_1_5' title="bbox 281 1185 1641 1280; baseline 0.007 -28"><span class='ocrx_word' id='word_1_41' title='bbox 281 1185 458 1254; x_wconf 82' lang='lat' dir='ltr'>decessum</span> <span class='ocrx_word' id='word_1_42' title='bbox 482 1207 595 1255; x_wconf 89' lang='lat' dir='ltr'><strong>meum</strong></span> <span class='ocrx_word' id='word_1_43' title='bbox 621 1185 691 1272; x_wconf 92' lang='lat' dir='ltr'><strong>Ipsi</strong></span> <span class='ocrx_word' id='word_1_44' title='bbox 716 1197 749 1254; x_wconf 91' lang='lat' dir='ltr'><strong>et</strong></span> <span class='ocrx_word' id='word_1_45' title='bbox 774 1187 825 1274; x_wconf 92' lang='lat' dir='ltr'><strong>suj</strong></span> <span class='ocrx_word' id='word_1_46' title='bbox 852 1211 1064 1258; x_wconf 79' lang='lat' dir='ltr'>successores</span> <span class='ocrx_word' id='word_1_47' title='bbox 1089 1190 1357 1260; x_wconf 89' lang='lat' dir='ltr'><strong>anniuersarium</strong></span> <span class='ocrx_word' id='word_1_48' title='bbox 1381 1194 1554 1279; x_wconf 83' lang='lat' dir='ltr'>solempne</span> <span class='ocrx_word' id='word_1_49' title='bbox 1580 1216 1641 1280; x_wconf 82' lang='lat' dir='ltr'><strong>pro</strong></span> 
     </span>
     <span class='ocr_line' id='line_1_6' title="bbox 282 1288 1639 1380; baseline 0.006 -24"><span class='ocrx_word' id='word_1_50' title='bbox 282 1288 391 1356; x_wconf 91' lang='lat' dir='ltr'><strong>salute</strong></span> <span class='ocrx_word' id='word_1_51' title='bbox 403 1289 516 1358; x_wconf 89' lang='lat' dir='ltr'><strong>anime</strong></span> <span class='ocrx_word' id='word_1_52' title='bbox 527 1313 601 1358; x_wconf 88' lang='lat' dir='ltr'><strong>mee</strong></span> <span class='ocrx_word' id='word_1_53' title='bbox 614 1291 804 1360; x_wconf 88' lang='lat' dir='ltr'><strong>animarum</strong></span> <span class='ocrx_word' id='word_1_54' title='bbox 817 1303 996 1380; x_wconf 91' lang='lat' dir='ltr'><strong>parentum</strong></span> <span class='ocrx_word' id='word_1_55' title='bbox 1010 1315 1162 1362; x_wconf 90' lang='lat' dir='ltr'><strong>meorum</strong></span> <span class='ocrx_word' id='word_1_56' title='bbox 1174 1295 1425 1366; x_wconf 79' lang='lat' dir='ltr'><strong>benefactorum</strong></span> <span class='ocrx_word' id='word_1_57' title='bbox 1439 1307 1472 1364; x_wconf 93' lang='lat' dir='ltr'><strong>et</strong></span> <span class='ocrx_word' id='word_1_58' title='bbox 1488 1297 1639 1364; x_wconf 91' lang='lat' dir='ltr'><strong>omniurn</strong></span> 
     </span>
     <span class='ocr_line' id='line_1_7' title="bbox 281 1395 1639 1470; baseline 0.005 -9"><span class='ocrx_word' id='word_1_59' title='bbox 281 1395 431 1463; x_wconf 86' lang='lat' dir='ltr'><strong>fidelium</strong></span> <span class='ocrx_word' id='word_1_60' title='bbox 447 1397 681 1466; x_wconf 82' lang='lat' dir='ltr'><strong>defunctorum</strong></span> <span class='ocrx_word' id='word_1_61' title='bbox 705 1398 882 1466; x_wconf 82' lang='lat' dir='ltr'><strong>annuatim</strong></span> <span class='ocrx_word' id='word_1_62' title='bbox 905 1399 1122 1468; x_wconf 88' lang='lat' dir='ltr'><strong>celebrabunt</strong></span> <span class='ocrx_word' id='word_1_63' title='bbox 1138 1399 1174 1468; x_wconf 89' lang='lat' dir='ltr'><strong>in</strong></span> <span class='ocrx_word' id='word_1_64' title='bbox 1189 1400 1243 1469; x_wconf 88' lang='lat' dir='ltr'><strong>die</strong></span> <span class='ocrx_word' id='word_1_65' title='bbox 1266 1401 1378 1468; x_wconf 92' lang='lat' dir='ltr'><strong>obitus</strong></span> <span class='ocrx_word' id='word_1_66' title='bbox 1394 1401 1460 1468; x_wconf 89' lang='lat' dir='ltr'><strong>mei</strong></span> <span class='ocrx_word' id='word_1_67' title='bbox 1483 1401 1639 1470; x_wconf 86' lang='lat' dir='ltr'><strong>videlicet</strong></span> 
     </span>
     <span class='ocr_line' id='line_1_8' title="bbox 281 1500 1640 1592; baseline 0.004 -26"><span class='ocrx_word' id='word_1_68' title='bbox 281 1500 439 1585; x_wconf 82' lang='lat' dir='ltr'><strong>exequias</strong></span> <span class='ocrx_word' id='word_1_69' title='bbox 454 1501 687 1570; x_wconf 89' lang='lat' dir='ltr'><strong>defunctorum</strong></span> <span class='ocrx_word' id='word_1_70' title='bbox 708 1503 853 1572; x_wconf 88' lang='lat' dir='ltr'><strong>Placebo</strong></span> <span class='ocrx_word' id='word_1_71' title='bbox 868 1513 902 1572; x_wconf 87' lang='lat' dir='ltr'><strong>et</strong></span> <span class='ocrx_word' id='word_1_72' title='bbox 917 1503 1023 1590; x_wconf 88' lang='lat' dir='ltr'><strong>dirige</strong></span> <span class='ocrx_word' id='word_1_73' title='bbox 1038 1503 1074 1572; x_wconf 93' lang='lat' dir='ltr'><strong>in</strong></span> <span class='ocrx_word' id='word_1_74' title='bbox 1089 1513 1189 1573; x_wconf 90' lang='lat' dir='ltr'><strong>nocte</strong></span> <span class='ocrx_word' id='word_1_75' title='bbox 1211 1507 1413 1592; x_wconf 85' lang='lat' dir='ltr'><strong>precedente</strong></span> <span class='ocrx_word' id='word_1_76' title='bbox 1427 1515 1461 1572; x_wconf 90' lang='lat' dir='ltr'><strong>et</strong></span> <span class='ocrx_word' id='word_1_77' title='bbox 1478 1505 1582 1590; x_wconf 82' lang='lat' dir='ltr'><strong>missa</strong></span> <span class='ocrx_word' id='word_1_78' title='bbox 1598 1507 1640 1574; x_wconf 88' lang='lat' dir='ltr'><strong>de</strong></span> 
     </span>
     <span class='ocr_line' id='line_1_9' title="bbox 279 1606 1639 1698; baseline 0.004 -26"><span class='ocrx_word' id='word_1_79' title='bbox 279 1615 361 1675; x_wconf 89' lang='lat' dir='ltr'><strong>nota</strong></span> <span class='ocrx_word' id='word_1_80' title='bbox 375 1606 411 1675; x_wconf 92' lang='lat' dir='ltr'><strong>in</strong></span> <span class='ocrx_word' id='word_1_81' title='bbox 426 1607 480 1677; x_wconf 85' lang='lat' dir='ltr'><strong>die</strong></span> <span class='ocrx_word' id='word_1_82' title='bbox 502 1629 580 1676; x_wconf 91' lang='lat' dir='ltr'><strong>cum</strong></span> <span class='ocrx_word' id='word_1_83' title='bbox 598 1607 763 1696; x_wconf 87' lang='lat' dir='ltr'><strong>trigintali</strong></span> <span class='ocrx_word' id='word_1_84' title='bbox 785 1609 966 1679; x_wconf 83' lang='lat' dir='ltr'><strong>missarum</strong></span> <span class='ocrx_word' id='word_1_85' title='bbox 990 1619 1152 1698; x_wconf 89' lang='lat' dir='ltr'><strong>sequente</strong></span> <span class='ocrx_word' id='word_1_86' title='bbox 1166 1610 1202 1678; x_wconf 93' lang='lat' dir='ltr'><strong>in</strong></span> <span class='ocrx_word' id='word_1_87' title='bbox 1218 1609 1403 1680; x_wconf 86' lang='lat' dir='ltr'><strong>Ebdomita</strong></span> <span class='ocrx_word' id='word_1_88' title='bbox 1426 1611 1639 1679; x_wconf 87' lang='lat' dir='ltr'><strong>INSUPER</strong></span> 
     </span>
     <span class='ocr_line' id='line_1_10' title="bbox 280 1713 1637 1804; baseline -0.001 -22"><span class='ocrx_word' id='word_1_89' title='bbox 280 1713 450 1782; x_wconf 89' lang='lat' dir='ltr'><strong>Collector</strong></span> <span class='ocrx_word' id='word_1_90' title='bbox 464 1737 579 1784; x_wconf 89' lang='lat' dir='ltr'><strong>eorum</strong></span> <span class='ocrx_word' id='word_1_91' title='bbox 595 1715 772 1784; x_wconf 85' lang='lat' dir='ltr'><strong>annuatim</strong></span> <span class='ocrx_word' id='word_1_92' title='bbox 786 1737 888 1784; x_wconf 88' lang='lat' dir='ltr'><strong>vnam</strong></span> <span class='ocrx_word' id='word_1_93' title='bbox 904 1717 1056 1786; x_wconf 88' lang='lat' dir='ltr'><strong>tabulam</strong></span> <span class='ocrx_word' id='word_1_94' title='bbox 1072 1737 1173 1804; x_wconf 87' lang='lat' dir='ltr'><strong>super</strong></span> <span class='ocrx_word' id='word_1_95' title='bbox 1196 1715 1442 1784; x_wconf 84' lang='lat' dir='ltr'><strong>monimentum</strong></span> <span class='ocrx_word' id='word_1_96' title='bbox 1462 1715 1637 1784; x_wconf 88' lang='lat' dir='ltr'><strong>situabunt</strong></span> 
     </span>
     <span class='ocr_line' id='line_1_11' title="bbox 281 1819 1638 1909; baseline 0.001 -24"><span class='ocrx_word' id='word_1_97' title='bbox 281 1819 436 1888; x_wconf 84' lang='lat' dir='ltr'><strong>Eandem</strong></span> <span class='ocrx_word' id='word_1_98' title='bbox 459 1821 562 1907; x_wconf 87' lang='lat' dir='ltr'><strong>pallio</strong></span> <span class='ocrx_word' id='word_1_99' title='bbox 585 1821 717 1888; x_wconf 88' lang='lat' dir='ltr'><strong>decenti</strong></span> <span class='ocrx_word' id='word_1_100' title='bbox 740 1821 933 1909; x_wconf 90' lang='lat' dir='ltr'><strong>cooperient</strong></span> <span class='ocrx_word' id='word_1_101' title='bbox 956 1843 996 1890; x_wconf 91' lang='lat' dir='ltr'><strong>ac</strong></span> <span class='ocrx_word' id='word_1_102' title='bbox 1019 1821 1199 1890; x_wconf 89' lang='lat' dir='ltr'><strong>luminaria</strong></span> <span class='ocrx_word' id='word_1_103' title='bbox 1216 1821 1396 1890; x_wconf 91' lang='lat' dir='ltr'><strong>Inuenient</strong></span> <span class='ocrx_word' id='word_1_104' title='bbox 1412 1831 1450 1888; x_wconf 92' lang='lat' dir='ltr'><strong>ut</strong></span> <span class='ocrx_word' id='word_1_105' title='bbox 1467 1820 1570 1888; x_wconf 89' lang='lat' dir='ltr'><strong>moris</strong></span> <span class='ocrx_word' id='word_1_106' title='bbox 1586 1830 1638 1887; x_wconf 91' lang='lat' dir='ltr'><strong>est</strong></span> 
     </span>
     <span class='ocr_line' id='line_1_12' title="bbox 280 1923 1638 1998; baseline 0.001 -6"><span class='ocrx_word' id='word_1_107' title='bbox 280 1923 315 1992; x_wconf 93' lang='lat' dir='ltr'><strong>in</strong></span> <span class='ocrx_word' id='word_1_108' title='bbox 337 1925 531 1996; x_wconf 88' lang='lat' dir='ltr'><strong>huiusmodi</strong></span> <span class='ocrx_word' id='word_1_109' title='bbox 546 1927 788 1996; x_wconf 88' lang='lat' dir='ltr'><strong>anniuersariis</strong></span> <span class='ocrx_word' id='word_1_110' title='bbox 802 1927 1082 1998; x_wconf 89' lang='lat' dir='ltr'><strong>TENENDUM</strong></span> <span class='ocrx_word' id='word_1_111' title='bbox 1101 1929 1164 1997; x_wconf 88' lang='lat' dir='ltr'><strong>ET</strong></span> <span class='ocrx_word' id='word_1_112' title='bbox 1181 1929 1461 1996; x_wconf 85' lang='lat' dir='ltr'><strong>HABENDUM</strong></span> <span class='ocrx_word' id='word_1_113' title='bbox 1477 1935 1588 1996; x_wconf 90' lang='lat' dir='ltr'><strong>totum</strong></span> <span class='ocrx_word' id='word_1_114' title='bbox 1605 1935 1638 1994; x_wconf 91' lang='lat' dir='ltr'><strong>et</strong></span> 
     </span>
     <span class='ocr_line' id='line_1_13' title="bbox 282 2029 1638 2118; baseline 0.002 -24"><span class='ocrx_word' id='word_1_115' title='bbox 282 2029 440 2118; x_wconf 84' lang='lat' dir='ltr'><strong>Integros·</strong></span> <span class='ocrx_word' id='word_1_116' title='bbox 447 2039 684 2110; x_wconf 71' lang='lat' dir='ltr'><strong>tenementum</strong></span> <span class='ocrx_word' id='word_1_117' title='bbox 700 2041 733 2100; x_wconf 92' lang='lat' dir='ltr'><strong>et</strong></span> <span class='ocrx_word' id='word_1_118' title='bbox 749 2053 881 2100; x_wconf 91' lang='lat' dir='ltr'><strong>annuos</strong></span> <span class='ocrx_word' id='word_1_119' title='bbox 898 2032 1065 2101; x_wconf 88' lang='lat' dir='ltr'><strong>Redditus</strong></span> <span class='ocrx_word' id='word_1_120' title='bbox 1080 2031 1270 2102; x_wconf 90' lang='lat' dir='ltr'><strong>antedictos</strong></span> <span class='ocrx_word' id='word_1_121' title='bbox 1286 2053 1363 2102; x_wconf 88' lang='lat' dir='ltr'><strong>cum</strong></span> <span class='ocrx_word' id='word_1_122' title='bbox 1380 2031 1451 2100; x_wconf 91' lang='lat' dir='ltr'><strong>suis</strong></span> <span class='ocrx_word' id='word_1_123' title='bbox 1471 2031 1638 2118; x_wconf 88' lang='lat' dir='ltr'><strong>pertinen·</strong></span> 
     </span>
     <span class='ocr_line' id='line_1_14' title="bbox 280 2121 1638 2223; baseline -0.001 -21"><span class='ocrx_word' id='word_1_124' title='bbox 280 2135 341 2203; x_wconf 91' lang='lat' dir='ltr'><strong>ciis</strong></span> <span class='ocrx_word' id='word_1_125' title='bbox 353 2136 492 2222; x_wconf 88' lang='lat' dir='ltr'><strong>prefatis</strong></span> <span class='ocrx_word' id='word_1_126' title='bbox 502 2121 687 2223; x_wconf 80' lang='lat' dir='ltr'><strong>Capellano</strong></span> <span class='ocrx_word' id='word_1_127' title='bbox 698 2137 816 2204; x_wconf 87' lang='lat' dir='ltr'><strong>altaris</strong></span> <span class='ocrx_word' id='word_1_128' title='bbox 826 2136 944 2206; x_wconf 91' lang='lat' dir='ltr'><strong>Sancti</strong></span> <span class='ocrx_word' id='word_1_129' title='bbox 953 2138 1088 2204; x_wconf 87' lang='lat' dir='ltr'><strong>Andree</strong></span> <span class='ocrx_word' id='word_1_130' title='bbox 1097 2135 1250 2206; x_wconf 91' lang='lat' dir='ltr'><strong>bursario</strong></span> <span class='ocrx_word' id='word_1_131' title='bbox 1261 2145 1296 2203; x_wconf 92' lang='lat' dir='ltr'><strong>et</strong></span> <span class='ocrx_word' id='word_1_132' title='bbox 1307 2135 1454 2204; x_wconf 88' lang='lat' dir='ltr'><strong>dominis</strong></span> <span class='ocrx_word' id='word_1_133' title='bbox 1465 2133 1638 2220; x_wconf 89' lang='lat' dir='ltr'><strong>magistris</strong></span> 
     </span>
     <span class='ocr_line' id='line_1_15' title="bbox 280 2239 1638 2330; baseline 0 -22"><span class='ocrx_word' id='word_1_134' title='bbox 280 2242 466 2328; x_wconf 89' lang='lat' dir='ltr'><strong>capellanis</strong></span> <span class='ocrx_word' id='word_1_135' title='bbox 487 2251 521 2310; x_wconf 95' lang='lat' dir='ltr'><strong>et</strong></span> <span class='ocrx_word' id='word_1_136' title='bbox 545 2242 658 2329; x_wconf 88' lang='lat' dir='ltr'><strong>pueris</strong></span> <span class='ocrx_word' id='word_1_137' title='bbox 681 2243 760 2329; x_wconf 91' lang='lat' dir='ltr'><strong>nouj</strong></span> <span class='ocrx_word' id='word_1_138' title='bbox 785 2243 915 2330; x_wconf 89' lang='lat' dir='ltr'><strong>collegij</strong></span> <span class='ocrx_word' id='word_1_139' title='bbox 941 2242 1173 2310; x_wconf 90' lang='lat' dir='ltr'><strong>abirdonensis</strong></span> <span class='ocrx_word' id='word_1_140' title='bbox 1194 2251 1228 2310; x_wconf 93' lang='lat' dir='ltr'><strong>et</strong></span> <span class='ocrx_word' id='word_1_141' title='bbox 1251 2240 1322 2312; x_wconf 88' lang='lat' dir='ltr'><strong>suis</strong></span> <span class='ocrx_word' id='word_1_142' title='bbox 1345 2239 1638 2310; x_wconf 84' lang='lat' dir='ltr'><strong>successoribusa</strong></span> 
     </span>
     <span class='ocr_line' id='line_1_16' title="bbox 280 2345 1638 2435; baseline -0.002 -21"><span class='ocrx_word' id='word_1_143' title='bbox 280 2357 390 2415; x_wconf 91' lang='lat' dir='ltr'><strong>meet</strong></span> <span class='ocrx_word' id='word_1_144' title='bbox 414 2348 592 2416; x_wconf 88' lang='lat' dir='ltr'><strong>heredibus</strong></span> <span class='ocrx_word' id='word_1_145' title='bbox 616 2347 702 2416; x_wconf 90' lang='lat' dir='ltr'><strong>meis</strong></span> <span class='ocrx_word' id='word_1_146' title='bbox 724 2347 759 2415; x_wconf 88' lang='lat' dir='ltr'><strong>in</strong></span> <span class='ocrx_word' id='word_1_147' title='bbox 783 2370 901 2435; x_wconf 89' lang='lat' dir='ltr'><strong>puram</strong></span> <span class='ocrx_word' id='word_1_148' title='bbox 928 2357 962 2416; x_wconf 92' lang='lat' dir='ltr'><strong>et</strong></span> <span class='ocrx_word' id='word_1_149' title='bbox 989 2357 1186 2434; x_wconf 90' lang='lat' dir='ltr'><strong>perpetuam</strong></span> <span class='ocrx_word' id='word_1_150' title='bbox 1214 2345 1440 2416; x_wconf 89' lang='lat' dir='ltr'><strong>Elimosinam</strong></span> <span class='ocrx_word' id='word_1_151' title='bbox 1469 2348 1638 2431; x_wconf 89' lang='lat' dir='ltr'><strong>Imperpe·</strong></span> 
     </span>
     <span class='ocr_line' id='line_1_17' title="bbox 277 2451 1639 2542; baseline 0.001 -23"><span class='ocrx_word' id='word_1_152' title='bbox 277 2461 375 2520; x_wconf 90' lang='lat' dir='ltr'><strong>tuum</strong></span> <span class='ocrx_word' id='word_1_153' title='bbox 398 2455 485 2522; x_wconf 89' lang='lat' dir='ltr'><strong>Cum</strong></span> <span class='ocrx_word' id='word_1_154' title='bbox 509 2453 666 2522; x_wconf 90' lang='lat' dir='ltr'><strong>omnibus</strong></span> <span class='ocrx_word' id='word_1_155' title='bbox 685 2463 718 2521; x_wconf 89' lang='lat' dir='ltr'><strong>et</strong></span> <span class='ocrx_word' id='word_1_156' title='bbox 737 2453 879 2542; x_wconf 89' lang='lat' dir='ltr'><strong>singulis</strong></span> <span class='ocrx_word' id='word_1_157' title='bbox 900 2453 1036 2523; x_wconf 90' lang='lat' dir='ltr'><strong>Iuribus</strong></span> <span class='ocrx_word' id='word_1_158' title='bbox 1055 2451 1267 2522; x_wconf 87' lang='lat' dir='ltr'><strong>libertatibus</strong></span> <span class='ocrx_word' id='word_1_159' title='bbox 1287 2451 1585 2520; x_wconf 84' lang='lat' dir='ltr'><strong>commoditatibus</strong></span> <span class='ocrx_word' id='word_1_160' title='bbox 1605 2462 1639 2520; x_wconf 91' lang='lat' dir='ltr'><strong>et</strong></span> 
     </span>
     <span class='ocr_line' id='line_1_18' title="bbox 279 2557 1639 2647; baseline -0.001 -21"><span class='ocrx_word' id='word_1_161' title='bbox 279 2557 478 2627; x_wconf 89' lang='lat' dir='ltr'><strong>asiamentis</strong></span> <span class='ocrx_word' id='word_1_162' title='bbox 493 2581 533 2628; x_wconf 89' lang='lat' dir='ltr'><strong>ac</strong></span> <span class='ocrx_word' id='word_1_163' title='bbox 547 2560 652 2627; x_wconf 91' lang='lat' dir='ltr'><strong>Iustis</strong></span> <span class='ocrx_word' id='word_1_164' title='bbox 667 2559 738 2627; x_wconf 91' lang='lat' dir='ltr'><strong>suis</strong></span> <span class='ocrx_word' id='word_1_165' title='bbox 753 2559 970 2646; x_wconf 84' lang='lat' dir='ltr'><strong>pertinenciis</strong></span> <span class='ocrx_word' id='word_1_166' title='bbox 986 2559 1241 2647; x_wconf 91' lang='lat' dir='ltr'><strong>quibuscunque</strong></span> <span class='ocrx_word' id='word_1_167' title='bbox 1251 2557 1431 2644; x_wconf 76' lang='lat' dir='ltr'><strong>unicuique</strong></span> <span class='ocrx_word' id='word_1_168' title='bbox 1446 2557 1480 2624; x_wconf 91' lang='lat' dir='ltr'><strong>in</strong></span> <span class='ocrx_word' id='word_1_169' title='bbox 1497 2557 1639 2644; x_wconf 87' lang='lat' dir='ltr'><strong>singulis</strong></span> 
     </span>
     <span class='ocr_line' id='line_1_19' title="bbox 279 2661 1638 2751; baseline -0.002 -20"><span class='ocrx_word' id='word_1_170' title='bbox 279 2673 316 2731; x_wconf 92' lang='lat' dir='ltr'><strong>ut</strong></span> <span class='ocrx_word' id='word_1_171' title='bbox 346 2685 447 2751; x_wconf 87' lang='lat' dir='ltr'><strong>supra</strong></span> <span class='ocrx_word' id='word_1_172' title='bbox 473 2666 567 2732; x_wconf 84' lang='lat' dir='ltr'><strong>Adeo</strong></span> <span class='ocrx_word' id='word_1_173' title='bbox 596 2664 699 2732; x_wconf 90' lang='lat' dir='ltr'><strong>libere</strong></span> <span class='ocrx_word' id='word_1_174' title='bbox 728 2665 877 2750; x_wconf 85' lang='lat' dir='ltr'><strong>plenarie</strong></span> <span class='ocrx_word' id='word_1_175' title='bbox 908 2665 1029 2751; x_wconf 82' lang='lat' dir='ltr'><strong>intigre</strong></span> <span class='ocrx_word' id='word_1_176' title='bbox 1055 2664 1239 2732; x_wconf 87' lang='lat' dir='ltr'><strong>honorifice</strong></span> <span class='ocrx_word' id='word_1_177' title='bbox 1260 2665 1346 2732; x_wconf 91' lang='lat' dir='ltr'><strong>bene</strong></span> <span class='ocrx_word' id='word_1_178' title='bbox 1371 2671 1406 2730; x_wconf 91' lang='lat' dir='ltr'><strong>et</strong></span> <span class='ocrx_word' id='word_1_179' title='bbox 1432 2661 1466 2728; x_wconf 94' lang='lat' dir='ltr'><strong>in</strong></span> <span class='ocrx_word' id='word_1_180' title='bbox 1493 2684 1577 2748; x_wconf 90' lang='lat' dir='ltr'><strong>pace</strong></span> <span class='ocrx_word' id='word_1_181' title='bbox 1603 2662 1638 2728; x_wconf 92' lang='lat' dir='ltr'><strong>in</strong></span> 
     </span>
     <span class='ocr_line' id='line_1_20' title="bbox 278 2765 1640 2854; baseline -0.001 -20"><span class='ocrx_word' id='word_1_182' title='bbox 278 2767 436 2835; x_wconf 90' lang='lat' dir='ltr'><strong>omnibus</strong></span> <span class='ocrx_word' id='word_1_183' title='bbox 450 2777 484 2836; x_wconf 90' lang='lat' dir='ltr'><strong>et</strong></span> <span class='ocrx_word' id='word_1_184' title='bbox 500 2789 560 2854; x_wconf 89' lang='lat' dir='ltr'><strong>per</strong></span> <span class='ocrx_word' id='word_1_185' title='bbox 573 2767 688 2836; x_wconf 91' lang='lat' dir='ltr'><strong>omnia</strong></span> <span class='ocrx_word' id='word_1_186' title='bbox 703 2768 790 2836; x_wconf 90' lang='lat' dir='ltr'><strong>sicut</strong></span> <span class='ocrx_word' id='word_1_187' title='bbox 805 2769 919 2854; x_wconf 87' lang='lat' dir='ltr'><strong>aliqua</strong></span> <span class='ocrx_word' id='word_1_188' title='bbox 934 2779 1023 2837; x_wconf 91' lang='lat' dir='ltr'><strong>terra</strong></span> <span class='ocrx_word' id='word_1_189' title='bbox 1038 2777 1072 2836; x_wconf 90' lang='lat' dir='ltr'><strong>et</strong></span> <span class='ocrx_word' id='word_1_190' title='bbox 1088 2769 1191 2854; x_wconf 89' lang='lat' dir='ltr'><strong>annuj</strong></span> <span class='ocrx_word' id='word_1_191' title='bbox 1211 2767 1378 2835; x_wconf 87' lang='lat' dir='ltr'><strong>Redditus</strong></span> <span class='ocrx_word' id='word_1_192' title='bbox 1396 2765 1538 2834; x_wconf 91' lang='lat' dir='ltr'><strong>ecclesie</strong></span> <span class='ocrx_word' id='word_1_193' title='bbox 1553 2766 1640 2833; x_wconf 89' lang='lat' dir='ltr'><strong>infra</strong></span> 
     </span>
     <span class='ocr_line' id='line_1_21' title="bbox 281 2871 1639 2959; baseline 0 -21"><span class='ocrx_word' id='word_1_194' title='bbox 281 2873 438 2958; x_wconf 83' lang='lat' dir='ltr'><strong>Regnum</strong></span> <span class='ocrx_word' id='word_1_195' title='bbox 465 2873 570 2940; x_wconf 91' lang='lat' dir='ltr'><strong>scotie</strong></span> <span class='ocrx_word' id='word_1_196' title='bbox 596 2875 721 2940; x_wconf 88' lang='lat' dir='ltr'><strong>dantur</strong></span> <span class='ocrx_word' id='word_1_197' title='bbox 747 2882 805 2940; x_wconf 90' lang='lat' dir='ltr'><strong>aut</strong></span> <span class='ocrx_word' id='word_1_198' title='bbox 831 2873 1048 2959; x_wconf 87' lang='lat' dir='ltr'><strong>possidentur</strong></span> <span class='ocrx_word' id='word_1_199' title='bbox 1070 2873 1143 2941; x_wconf 90' lang='lat' dir='ltr'><strong>sine</strong></span> <span class='ocrx_word' id='word_1_200' title='bbox 1166 2871 1386 2941; x_wconf 91' lang='lat' dir='ltr'><strong>reuocacione</strong></span> <span class='ocrx_word' id='word_1_201' title='bbox 1411 2871 1548 2956; x_wconf 85' lang='lat' dir='ltr'><strong>aliquali</strong></span> <span class='ocrx_word' id='word_1_202' title='bbox 1573 2873 1639 2938; x_wconf 90' lang='lat' dir='ltr'><strong>IN·</strong></span> 
     </span>
     <span class='ocr_line' id='line_1_22' title="bbox 279 2975 1712 3064; baseline -0.001 -21"><span class='ocrx_word' id='word_1_203' title='bbox 279 2977 438 3044; x_wconf 85' lang='lat' dir='ltr'><strong>SUPER</strong></span> <span class='ocrx_word' id='word_1_204' title='bbox 453 2976 541 3044; x_wconf 89' lang='lat' dir='ltr'><strong>Volo</strong></span> <span class='ocrx_word' id='word_1_205' title='bbox 556 2979 645 3062; x_wconf 92' lang='lat' dir='ltr'><strong>quod</strong></span> <span class='ocrx_word' id='word_1_206' title='bbox 662 2976 690 3043; x_wconf 94' lang='lat' dir='ltr'><strong>si</strong></span> <span class='ocrx_word' id='word_1_207' title='bbox 706 2975 829 3063; x_wconf 91' lang='lat' dir='ltr'><strong>aliquis</strong></span> <span class='ocrx_word' id='word_1_208' title='bbox 846 2977 985 3045; x_wconf 88' lang='lat' dir='ltr'><strong>quenis</strong></span> <span class='ocrx_word' id='word_1_209' title='bbox 1000 2979 1042 3045; x_wconf 91' lang='lat' dir='ltr'><strong>de</strong></span> <span class='ocrx_word' id='word_1_210' title='bbox 1058 2977 1223 3064; x_wconf 88' lang='lat' dir='ltr'><strong>sanguine</strong></span> <span class='ocrx_word' id='word_1_211' title='bbox 1239 2997 1315 3044; x_wconf 89' lang='lat' dir='ltr'><strong>meo</strong></span> <span class='ocrx_word' id='word_1_212' title='bbox 1330 2975 1453 3044; x_wconf 90' lang='lat' dir='ltr'><strong>habilis</strong></span> <span class='ocrx_word' id='word_1_213' title='bbox 1469 2977 1512 3044; x_wconf 91' lang='lat' dir='ltr'><strong>ad</strong></span> <span class='ocrx_word' id='word_1_214' title='bbox 1528 2975 1640 3043; x_wconf 91' lang='lat' dir='ltr'><strong>studia</strong></span> <span class='ocrx_word' id='word_1_215' title='bbox 1706 3013 1712 3026; x_wconf 94' lang='lat'><strong>·</strong></span> 
     </span>
     <span class='ocr_line' id='line_1_23' title="bbox 279 3079 1640 3168; baseline -0.001 -22"><span class='ocrx_word' id='word_1_216' title='bbox 279 3101 346 3147; x_wconf 93' lang='lat' dir='ltr'><strong>non</strong></span> <span class='ocrx_word' id='word_1_217' title='bbox 369 3079 554 3166; x_wconf 86' lang='lat' dir='ltr'><strong>reperiatur</strong></span> <span class='ocrx_word' id='word_1_218' title='bbox 569 3089 782 3167; x_wconf 87' lang='lat' dir='ltr'><strong>presentetur</strong></span> <span class='ocrx_word' id='word_1_219' title='bbox 804 3082 891 3150; x_wconf 88' lang='lat' dir='ltr'><strong>alius</strong></span> <span class='ocrx_word' id='word_1_220' title='bbox 914 3081 1038 3150; x_wconf 89' lang='lat' dir='ltr'><strong>habilis</strong></span> <span class='ocrx_word' id='word_1_221' title='bbox 1057 3081 1184 3150; x_wconf 89' lang='lat' dir='ltr'><strong>totiens</strong></span> <span class='ocrx_word' id='word_1_222' title='bbox 1207 3081 1365 3168; x_wconf 91' lang='lat' dir='ltr'><strong>quotiens</strong></span> <span class='ocrx_word' id='word_1_223' title='bbox 1389 3083 1435 3147; x_wconf 92' lang='lat' dir='ltr'><strong>Et</strong></span> <span class='ocrx_word' id='word_1_224' title='bbox 1451 3081 1528 3146; x_wconf 90' lang='lat' dir='ltr'><strong>volo</strong></span> <span class='ocrx_word' id='word_1_225' title='bbox 1551 3081 1640 3165; x_wconf 91' lang='lat' dir='ltr'><strong>quod</strong></span> 
     </span>
     <span class='ocr_line' id='line_1_24' title="bbox 279 3185 1639 3274; baseline -0.001 -20"><span class='ocrx_word' id='word_1_226' title='bbox 279 3187 474 3272; x_wconf 88' lang='lat' dir='ltr'><strong>capellanus</strong></span> <span class='ocrx_word' id='word_1_227' title='bbox 497 3186 687 3274; x_wconf 91' lang='lat' dir='ltr'><strong>quicunque</strong></span> <span class='ocrx_word' id='word_1_228' title='bbox 710 3187 754 3256; x_wconf 89' lang='lat' dir='ltr'><strong>sit</strong></span> <span class='ocrx_word' id='word_1_229' title='bbox 778 3189 1008 3257; x_wconf 90' lang='lat' dir='ltr'><strong>celebraturus</strong></span> <span class='ocrx_word' id='word_1_230' title='bbox 1031 3190 1074 3256; x_wconf 92' lang='lat' dir='ltr'><strong>ad</strong></span> <span class='ocrx_word' id='word_1_231' title='bbox 1097 3189 1205 3255; x_wconf 88' lang='lat' dir='ltr'><strong>altare</strong></span> <span class='ocrx_word' id='word_1_232' title='bbox 1231 3187 1342 3255; x_wconf 89' lang='lat' dir='ltr'><strong>sancti</strong></span> <span class='ocrx_word' id='word_1_233' title='bbox 1371 3187 1505 3254; x_wconf 86' lang='lat' dir='ltr'><strong>Andree</strong></span> <span class='ocrx_word' id='word_1_234' title='bbox 1528 3185 1639 3254; x_wconf 88' lang='lat' dir='ltr'><strong>Aliam</strong></span> 
     </span>
     <span class='ocr_line' id='line_1_25' title="bbox 279 3289 1639 3362; baseline -0.003 -2"><span class='ocrx_word' id='word_1_235' title='bbox 279 3313 395 3360; x_wconf 90' lang='lat' dir='ltr'><strong>curam</strong></span> <span class='ocrx_word' id='word_1_236' title='bbox 418 3315 479 3361; x_wconf 91' lang='lat' dir='ltr'><strong>seu</strong></span> <span class='ocrx_word' id='word_1_237' title='bbox 501 3293 701 3362; x_wconf 88' lang='lat' dir='ltr'><strong>beneficium</strong></span> <span class='ocrx_word' id='word_1_238' title='bbox 725 3315 793 3362; x_wconf 90' lang='lat' dir='ltr'><strong>non</strong></span> <span class='ocrx_word' id='word_1_239' title='bbox 816 3293 939 3362; x_wconf 88' lang='lat' dir='ltr'><strong>habeat</strong></span> <span class='ocrx_word' id='word_1_240' title='bbox 963 3293 1028 3361; x_wconf 91' lang='lat' dir='ltr'><strong>nisi</strong></span> <span class='ocrx_word' id='word_1_241' title='bbox 1051 3292 1095 3360; x_wconf 94' lang='lat' dir='ltr'><strong>sit</strong></span> <span class='ocrx_word' id='word_1_242' title='bbox 1119 3293 1319 3362; x_wconf 89' lang='lat' dir='ltr'><strong>beneficium</strong></span> <span class='ocrx_word' id='word_1_243' title='bbox 1335 3291 1390 3359; x_wconf 91' lang='lat' dir='ltr'><strong>uel</strong></span> <span class='ocrx_word' id='word_1_244' title='bbox 1405 3289 1552 3358; x_wconf 90' lang='lat' dir='ltr'><strong>officium</strong></span> <span class='ocrx_word' id='word_1_245' title='bbox 1568 3299 1639 3358; x_wconf 90' lang='lat' dir='ltr'><strong>tarn</strong></span> 
     </span>
     <span class='ocr_line' id='line_1_26' title="bbox 279 3394 1640 3486; baseline -0.004 -20"><span class='ocrx_word' id='word_1_246' title='bbox 279 3398 375 3466; x_wconf 87' lang='lat' dir='ltr'><strong>exilis</strong></span> <span class='ocrx_word' id='word_1_247' title='bbox 400 3398 524 3466; x_wconf 91' lang='lat' dir='ltr'><strong>valoris</strong></span> <span class='ocrx_word' id='word_1_248' title='bbox 550 3401 639 3486; x_wconf 90' lang='lat' dir='ltr'><strong>quod</strong></span> <span class='ocrx_word' id='word_1_249' title='bbox 664 3401 759 3466; x_wconf 90' lang='lat' dir='ltr'><strong>ldem</strong></span> <span class='ocrx_word' id='word_1_250' title='bbox 784 3399 990 3485; x_wconf 91' lang='lat' dir='ltr'><strong>Capellanus</strong></span> <span class='ocrx_word' id='word_1_251' title='bbox 1013 3408 1125 3484; x_wconf 89' lang='lat' dir='ltr'><strong>potest</strong></span> <span class='ocrx_word' id='word_1_252' title='bbox 1150 3397 1233 3466; x_wconf 91' lang='lat' dir='ltr'><strong>illud</strong></span> <span class='ocrx_word' id='word_1_253' title='bbox 1260 3395 1410 3482; x_wconf 85' lang='lat' dir='ltr'><strong>legitime</strong></span> <span class='ocrx_word' id='word_1_254' title='bbox 1433 3394 1584 3480; x_wconf 89' lang='lat' dir='ltr'><strong>optinere</strong></span> <span class='ocrx_word' id='word_1_255' title='bbox 1606 3403 1640 3461; x_wconf 93' lang='lat' dir='ltr'><strong>et</strong></span> 
     </span>
     <span class='ocr_line' id='line_1_27' title="bbox 279 3500 1751 3591; baseline -0.003 -21"><span class='ocrx_word' id='word_1_256' title='bbox 279 3503 471 3572; x_wconf 89' lang='lat' dir='ltr'><strong>ministrare</strong></span> <span class='ocrx_word' id='word_1_257' title='bbox 497 3503 532 3571; x_wconf 93' lang='lat' dir='ltr'><strong>in</strong></span> <span class='ocrx_word' id='word_1_258' title='bbox 558 3507 676 3573; x_wconf 83' lang='lat' dir='ltr'><strong>eadem</strong></span> <span class='ocrx_word' id='word_1_259' title='bbox 704 3505 903 3591; x_wconf 90' lang='lat' dir='ltr'><strong>Capellania</strong></span> <span class='ocrx_word' id='word_1_260' title='bbox 925 3513 963 3573; x_wconf 93' lang='lat' dir='ltr'><strong>ut</strong></span> <span class='ocrx_word' id='word_1_261' title='bbox 986 3503 1209 3590; x_wconf 88' lang='lat' dir='ltr'><strong>prescriptum</strong></span> <span class='ocrx_word' id='word_1_262' title='bbox 1233 3511 1285 3570; x_wconf 91' lang='lat' dir='ltr'><strong>est</strong></span> <span class='ocrx_word' id='word_1_263' title='bbox 1310 3500 1543 3570; x_wconf 91' lang='lat' dir='ltr'><strong>Residentiam</strong></span> <span class='ocrx_word' id='word_1_264' title='bbox 1567 3521 1640 3585; x_wconf 92' lang='lat' dir='ltr'><strong>per·</strong></span> <span class='ocrx_word' id='word_1_265' title='bbox 1663 3521 1751 3576; x_wconf 76' lang='lat' dir='ltr'><strong>rotat</strong></span> 
     </span>
     <span class='ocr_line' id='line_1_28' title="bbox 279 3603 1641 3696; baseline -0.005 -20"><span class='ocrx_word' id='word_1_266' title='bbox 279 3609 441 3677; x_wconf 90' lang='lat' dir='ltr'><strong>sonaliter</strong></span> <span class='ocrx_word' id='word_1_267' title='bbox 461 3610 571 3677; x_wconf 87' lang='lat' dir='ltr'><strong>facere</strong></span> <span class='ocrx_word' id='word_1_268' title='bbox 593 3609 628 3676; x_wconf 92' lang='lat' dir='ltr'><strong>in</strong></span> <span class='ocrx_word' id='word_1_269' title='bbox 651 3630 740 3677; x_wconf 89' lang='lat' dir='ltr'><strong>nouo</strong></span> <span class='ocrx_word' id='word_1_270' title='bbox 763 3609 906 3696; x_wconf 91' lang='lat' dir='ltr'><strong>collegio</strong></span> <span class='ocrx_word' id='word_1_271' title='bbox 928 3617 962 3676; x_wconf 89' lang='lat' dir='ltr'><strong>et</strong></span> <span class='ocrx_word' id='word_1_272' title='bbox 985 3609 1075 3694; x_wconf 89' lang='lat' dir='ltr'><strong>apud</strong></span> <span class='ocrx_word' id='word_1_273' title='bbox 1098 3609 1240 3675; x_wconf 88' lang='lat' dir='ltr'><strong>eandem</strong></span> <span class='ocrx_word' id='word_1_274' title='bbox 1255 3614 1292 3674; x_wconf 94' lang='lat' dir='ltr'><strong>vt</strong></span> <span class='ocrx_word' id='word_1_275' title='bbox 1311 3625 1413 3692; x_wconf 90' lang='lat' dir='ltr'><strong>supra</strong></span> <span class='ocrx_word' id='word_1_276' title='bbox 1432 3605 1512 3672; x_wconf 92' lang='lat' dir='ltr'><strong>dum</strong></span> <span class='ocrx_word' id='word_1_277' title='bbox 1533 3603 1641 3690; x_wconf 89' lang='lat' dir='ltr'><strong>Igitur</strong></span> 
     </span>
     <span class='ocr_line' id='line_1_29' title="bbox 278 3695 1750 3802; baseline -0.005 -20"><span class='ocrx_word' id='word_1_278' title='bbox 278 3713 406 3782; x_wconf 89' lang='lat' dir='ltr'><strong>dictam</strong></span> <span class='ocrx_word' id='word_1_279' title='bbox 433 3714 655 3800; x_wconf 87' lang='lat' dir='ltr'><strong>capellaniam</strong></span> <span class='ocrx_word' id='word_1_280' title='bbox 682 3713 957 3800; x_wconf 83' lang='lat' dir='ltr'><strong>modopredicto</strong></span> <span class='ocrx_word' id='word_1_281' title='bbox 980 3735 1040 3780; x_wconf 93' lang='lat' dir='ltr'><strong>seu</strong></span> <span class='ocrx_word' id='word_1_282' title='bbox 1063 3734 1123 3800; x_wconf 93' lang='lat' dir='ltr'><strong>per</strong></span> <span class='ocrx_word' id='word_1_283' title='bbox 1145 3721 1289 3780; x_wconf 89' lang='lat' dir='ltr'><strong>mortem</strong></span> <span class='ocrx_word' id='word_1_284' title='bbox 1312 3719 1371 3779; x_wconf 90' lang='lat' dir='ltr'><strong>aut</strong></span> <span class='ocrx_word' id='word_1_285' title='bbox 1394 3711 1437 3778; x_wconf 85' lang='lat' dir='ltr'><strong>ad</strong></span> <span class='ocrx_word' id='word_1_286' title='bbox 1460 3707 1639 3802; x_wconf 88' lang='lat' dir='ltr'><strong>seruicium</strong></span> <span class='ocrx_word' id='word_1_287' title='bbox 1743 3695 1750 3716; x_wconf 65' lang='lat'><em>¹</em></span> 
     </span>
     <span class='ocr_line' id='line_1_30' title="bbox 280 3811 1641 3905; baseline -0.007 -19"><span class='ocrx_word' id='word_1_288' title='bbox 280 3817 448 3886; x_wconf 88' lang='lat' dir='ltr'><strong>studentis</strong></span> <span class='ocrx_word' id='word_1_289' title='bbox 463 3840 503 3886; x_wconf 90' lang='lat' dir='ltr'><strong>ve</strong></span> <span class='ocrx_word' id='word_1_290' title='bbox 519 3840 578 3905; x_wconf 91' lang='lat' dir='ltr'><strong>per</strong></span> <span class='ocrx_word' id='word_1_291' title='bbox 593 3821 769 3888; x_wconf 91' lang='lat' dir='ltr'><strong>decessum</strong></span> <span class='ocrx_word' id='word_1_292' title='bbox 786 3827 844 3887; x_wconf 89' lang='lat' dir='ltr'><strong>aut</strong></span> <span class='ocrx_word' id='word_1_293' title='bbox 861 3817 946 3886; x_wconf 90' lang='lat' dir='ltr'><strong>alias</strong></span> <span class='ocrx_word' id='word_1_294' title='bbox 962 3815 1185 3904; x_wconf 88' lang='lat' dir='ltr'><strong>quouismodo</strong></span> <span class='ocrx_word' id='word_1_295' title='bbox 1198 3836 1320 3884; x_wconf 89' lang='lat' dir='ltr'><strong>vacare</strong></span> <span class='ocrx_word' id='word_1_296' title='bbox 1335 3811 1537 3900; x_wconf 86' lang='lat' dir='ltr'><strong>contingerit</strong></span> <span class='ocrx_word' id='word_1_297' title='bbox 1553 3811 1641 3880; x_wconf 90' lang='lat' dir='ltr'><strong>Volo</strong></span> 
     </span>
     <span class='ocr_line' id='line_1_31' title="bbox 279 3915 1640 4011; baseline -0.007 -17"><span class='ocrx_word' id='word_1_298' title='bbox 279 3924 397 3994; x_wconf 91' lang='lat' dir='ltr'><strong>ordino</strong></span> <span class='ocrx_word' id='word_1_299' title='bbox 413 3925 556 3994; x_wconf 90' lang='lat' dir='ltr'><strong>arbitror</strong></span> <span class='ocrx_word' id='word_1_300' title='bbox 571 3934 605 3993; x_wconf 88' lang='lat' dir='ltr'><strong>et</strong></span> <span class='ocrx_word' id='word_1_301' title='bbox 621 3925 770 3993; x_wconf 90' lang='lat' dir='ltr'><strong>concedo</strong></span> <span class='ocrx_word' id='word_1_302' title='bbox 786 3927 875 4011; x_wconf 92' lang='lat' dir='ltr'><strong>quod</strong></span> <span class='ocrx_word' id='word_1_303' title='bbox 890 3926 934 3992; x_wconf 91' lang='lat' dir='ltr'><strong>ad</strong></span> <span class='ocrx_word' id='word_1_304' title='bbox 957 3945 1013 3990; x_wconf 90' lang='lat' dir='ltr'><strong>me</strong></span> <span class='ocrx_word' id='word_1_305' title='bbox 1035 3943 1137 4009; x_wconf 92' lang='lat' dir='ltr'><strong>quam</strong></span> <span class='ocrx_word' id='word_1_306' title='bbox 1156 3921 1214 3990; x_wconf 88' lang='lat' dir='ltr'><strong>diu</strong></span> <span class='ocrx_word' id='word_1_307' title='bbox 1232 3921 1345 3988; x_wconf 86' lang='lat' dir='ltr'><strong>vixero</strong></span> <span class='ocrx_word' id='word_1_308' title='bbox 1361 3918 1395 3986; x_wconf 93' lang='lat' dir='ltr'><strong>in</strong></span> <span class='ocrx_word' id='word_1_309' title='bbox 1411 3915 1571 3985; x_wconf 89' lang='lat' dir='ltr'><strong>humanis</strong></span> <span class='ocrx_word' id='word_1_310' title='bbox 1594 3917 1640 3984; x_wconf 94' lang='lat' dir='ltr'><strong>Et</strong></span> 
     </span>
     <span class='ocr_line' id='line_1_32' title="bbox 279 4021 1640 4116; baseline -0.008 -18"><span class='ocrx_word' id='word_1_311' title='bbox 279 4041 356 4116; x_wconf 88' lang='lat' dir='ltr'><strong>post</strong></span> <span class='ocrx_word' id='word_1_312' title='bbox 387 4053 500 4099; x_wconf 91' lang='lat' dir='ltr'><strong>meum</strong></span> <span class='ocrx_word' id='word_1_313' title='bbox 531 4033 707 4098; x_wconf 89' lang='lat' dir='ltr'><strong>decessum</strong></span> <span class='ocrx_word' id='word_1_314' title='bbox 729 4033 781 4099; x_wconf 81' lang='lat' dir='ltr'><strong>ad</strong></span> <span class='ocrx_word' id='word_1_315' title='bbox 813 4029 1051 4097; x_wconf 89' lang='lat' dir='ltr'><strong>Reuerendum</strong></span> <span class='ocrx_word' id='word_1_316' title='bbox 1082 4027 1256 4095; x_wconf 89' lang='lat' dir='ltr'><strong>dominum</strong></span> <span class='ocrx_word' id='word_1_317' title='bbox 1288 4045 1408 4093; x_wconf 90' lang='lat' dir='ltr'><strong>meum·</strong></span> <span class='ocrx_word' id='word_1_318' title='bbox 1427 4021 1640 4091; x_wconf 89' lang='lat' dir='ltr'><strong>Willelmum</strong></span> 
     </span>
     <span class='ocr_line' id='line_1_33' title="bbox 279 4127 1641 4223; baseline -0.007 -20"><span class='ocrx_word' id='word_1_319' title='bbox 279 4136 474 4223; x_wconf 88' lang='lat' dir='ltr'><strong>episcopum</strong></span> <span class='ocrx_word' id='word_1_320' title='bbox 498 4137 696 4204; x_wconf 88' lang='lat' dir='ltr'><strong>modernum</strong></span> <span class='ocrx_word' id='word_1_321' title='bbox 720 4135 977 4204; x_wconf 88' lang='lat' dir='ltr'><strong>abirdonensem</strong></span> <span class='ocrx_word' id='word_1_322' title='bbox 1001 4155 1103 4219; x_wconf 91' lang='lat' dir='ltr'><strong>quam</strong></span> <span class='ocrx_word' id='word_1_323' title='bbox 1130 4131 1188 4199; x_wconf 92' lang='lat' dir='ltr'><strong>diu</strong></span> <span class='ocrx_word' id='word_1_324' title='bbox 1210 4129 1330 4198; x_wconf 84' lang='lat' dir='ltr'><strong>vixerit</strong></span> <span class='ocrx_word' id='word_1_325' title='bbox 1353 4131 1388 4196; x_wconf 92' lang='lat' dir='ltr'><strong>in</strong></span> <span class='ocrx_word' id='word_1_326' title='bbox 1411 4127 1569 4196; x_wconf 90' lang='lat' dir='ltr'><strong>humanis</strong></span> <span class='ocrx_word' id='word_1_327' title='bbox 1594 4129 1641 4194; x_wconf 90' lang='lat' dir='ltr'><strong>Et</strong></span> 
     </span>
     <span class='ocr_line' id='line_1_34' title="bbox 279 4230 1640 4326; baseline -0.009 -17"><span class='ocrx_word' id='word_1_328' title='bbox 279 4249 356 4326; x_wconf 91' lang='lat' dir='ltr'><strong>post</strong></span> <span class='ocrx_word' id='word_1_329' title='bbox 372 4251 525 4309; x_wconf 90' lang='lat' dir='ltr'><strong>nostrum</strong></span> <span class='ocrx_word' id='word_1_330' title='bbox 543 4243 719 4309; x_wconf 90' lang='lat' dir='ltr'><strong>decessum</strong></span> <span class='ocrx_word' id='word_1_331' title='bbox 736 4243 778 4308; x_wconf 89' lang='lat' dir='ltr'><strong>ad</strong></span> <span class='ocrx_word' id='word_1_332' title='bbox 799 4239 955 4307; x_wconf 90' lang='lat' dir='ltr'><strong>dominos</strong></span> <span class='ocrx_word' id='word_1_333' title='bbox 970 4240 1137 4306; x_wconf 90' lang='lat' dir='ltr'><strong>decanum</strong></span> <span class='ocrx_word' id='word_1_334' title='bbox 1152 4237 1389 4322; x_wconf 90' lang='lat' dir='ltr'><strong>precedentem</strong></span> <span class='ocrx_word' id='word_1_335' title='bbox 1405 4243 1439 4300; x_wconf 93' lang='lat' dir='ltr'><strong>et</strong></span> <span class='ocrx_word' id='word_1_336' title='bbox 1454 4230 1640 4318; x_wconf 90' lang='lat' dir='ltr'><strong>capitulum</strong></span> 
     </span>
     <span class='ocr_line' id='line_1_35' title="bbox 279 4335 1640 4430; baseline -0.009 -17"><span class='ocrx_word' id='word_1_337' title='bbox 279 4345 537 4414; x_wconf 88' lang='lat' dir='ltr'><strong>abirdonensem</strong></span> <span class='ocrx_word' id='word_1_338' title='bbox 554 4347 600 4412; x_wconf 90' lang='lat' dir='ltr'><strong>Et</strong></span> <span class='ocrx_word' id='word_1_339' title='bbox 613 4345 641 4412; x_wconf 93' lang='lat' dir='ltr'><strong>si</strong></span> <span class='ocrx_word' id='word_1_340' title='bbox 658 4344 833 4430; x_wconf 90' lang='lat' dir='ltr'><strong>contingat</strong></span> <span class='ocrx_word' id='word_1_341' title='bbox 849 4343 959 4411; x_wconf 90' lang='lat' dir='ltr'><strong>dictos</strong></span> <span class='ocrx_word' id='word_1_342' title='bbox 974 4345 1140 4410; x_wconf 90' lang='lat' dir='ltr'><strong>decanum</strong></span> <span class='ocrx_word' id='word_1_343' title='bbox 1151 4341 1389 4426; x_wconf 87' lang='lat' dir='ltr'><strong>precedentem</strong></span> <span class='ocrx_word' id='word_1_344' title='bbox 1404 4345 1438 4404; x_wconf 90' lang='lat' dir='ltr'><strong>et</strong></span> <span class='ocrx_word' id='word_1_345' title='bbox 1454 4335 1640 4422; x_wconf 89' lang='lat' dir='ltr'><strong>capitulum</strong></span> 
     </span>
     <span class='ocr_line' id='line_1_36' title="bbox 279 4440 1641 4536; baseline -0.009 -18"><span class='ocrx_word' id='word_1_346' title='bbox 279 4451 322 4518; x_wconf 90' lang='lat' dir='ltr'><strong>ad</strong></span> <span class='ocrx_word' id='word_1_347' title='bbox 345 4451 471 4518; x_wconf 88' lang='lat' dir='ltr'><strong>dictam</strong></span> <span class='ocrx_word' id='word_1_348' title='bbox 488 4449 712 4536; x_wconf 88' lang='lat' dir='ltr'><strong>capellaniam</strong></span> <span class='ocrx_word' id='word_1_349' title='bbox 736 4447 785 4516; x_wconf 92' lang='lat' dir='ltr'><strong>sic</strong></span> <span class='ocrx_word' id='word_1_350' title='bbox 807 4457 986 4516; x_wconf 87' lang='lat' dir='ltr'><strong>vacantem</strong></span> <span class='ocrx_word' id='word_1_351' title='bbox 1011 4455 1070 4514; x_wconf 87' lang='lat' dir='ltr'><strong>aut</strong></span> <span class='ocrx_word' id='word_1_352' title='bbox 1091 4443 1234 4530; x_wconf 85' lang='lat' dir='ltr'><strong>bursarij</strong></span> <span class='ocrx_word' id='word_1_353' title='bbox 1252 4440 1420 4510; x_wconf 92' lang='lat' dir='ltr'><strong>studentis</strong></span> <span class='ocrx_word' id='word_1_354' title='bbox 1434 4441 1523 4508; x_wconf 90' lang='lat' dir='ltr'><strong>vltra</strong></span> <span class='ocrx_word' id='word_1_355' title='bbox 1538 4441 1641 4526; x_wconf 89' lang='lat' dir='ltr'><strong>quad·</strong></span> 
     </span>
     <span class='ocr_line' id='line_1_37' title="bbox 279 4547 1642 4640; baseline -0.006 -20"><span class='ocrx_word' id='word_1_356' title='bbox 279 4554 413 4640; x_wconf 90' lang='lat' dir='ltr'><strong>raginta</strong></span> <span class='ocrx_word' id='word_1_357' title='bbox 442 4553 557 4621; x_wconf 88' lang='lat' dir='ltr'><strong>diesa</strong></span> <span class='ocrx_word' id='word_1_358' title='bbox 587 4553 641 4620; x_wconf 89' lang='lat' dir='ltr'><strong>die</strong></span> <span class='ocrx_word' id='word_1_359' title='bbox 670 4550 858 4621; x_wconf 88' lang='lat' dir='ltr'><strong>vacationis</strong></span> <span class='ocrx_word' id='word_1_360' title='bbox 883 4550 1034 4618; x_wconf 91' lang='lat' dir='ltr'><strong>eiusdem</strong></span> <span class='ocrx_word' id='word_1_361' title='bbox 1065 4547 1127 4616; x_wconf 90' lang='lat' dir='ltr'><strong>eiis</strong></span> <span class='ocrx_word' id='word_1_362' title='bbox 1156 4547 1331 4614; x_wconf 84' lang='lat' dir='ltr'><strong>notificare</strong></span> <span class='ocrx_word' id='word_1_363' title='bbox 1360 4555 1516 4613; x_wconf 89' lang='lat' dir='ltr'><strong>cessante</strong></span> <span class='ocrx_word' id='word_1_364' title='bbox 1538 4565 1642 4613; x_wconf 90' lang='lat' dir='ltr'><strong>causa</strong></span> 
     </span>
    </p>
   </div>
   <div class='ocr_carea' id='block_1_3' title="bbox 279 4651 1640 4745">
    <p class='ocr_par' dir='ltr' id='par_1_3' title="bbox 279 4651 1640 4745">
     <span class='ocr_line' id='line_1_38' title="bbox 279 4651 1640 4745; baseline -0.008 -17"><span class='ocrx_word' id='word_1_365' title='bbox 279 4660 432 4745; x_wconf 90' lang='lat' dir='ltr'><strong>legitima</strong></span> <span class='ocrx_word' id='word_1_366' title='bbox 442 4661 569 4728; x_wconf 88' lang='lat' dir='ltr'><strong>deferre</strong></span> <span class='ocrx_word' id='word_1_367' title='bbox 581 4669 663 4726; x_wconf 90' lang='lat' dir='ltr'><strong>tunc</strong></span> <span class='ocrx_word' id='word_1_368' title='bbox 679 4657 892 4745; x_wconf 88' lang='lat' dir='ltr'><strong>presentacio</strong></span> <span class='ocrx_word' id='word_1_369' title='bbox 904 4656 994 4726; x_wconf 91' lang='lat' dir='ltr'><strong>dicte</strong></span> <span class='ocrx_word' id='word_1_370' title='bbox 1007 4654 1193 4741; x_wconf 88' lang='lat' dir='ltr'><strong>capellanie</strong></span> <span class='ocrx_word' id='word_1_371' title='bbox 1205 4663 1239 4720; x_wconf 90' lang='lat' dir='ltr'><strong>et</strong></span> <span class='ocrx_word' id='word_1_372' title='bbox 1249 4651 1389 4736; x_wconf 85' lang='lat' dir='ltr'><strong>bursarij</strong></span> <span class='ocrx_word' id='word_1_373' title='bbox 1403 4652 1447 4718; x_wconf 89' lang='lat' dir='ltr'><strong>ad</strong></span> <span class='ocrx_word' id='word_1_374' title='bbox 1460 4653 1640 4718; x_wconf 89' lang='lat' dir='ltr'><strong>Rectorem</strong></span> 
     </span>
    </p>
   </div>
   <div class='ocr_carea' id='block_1_4' title="bbox 0 0 2250 5989">
    <p class='ocr_par' dir='ltr' id='par_1_4' title="bbox 0 0 2250 5989">
     <span class='ocr_line' id='line_1_39' title="bbox 0 0 2250 5989; baseline 0 0"><span class='ocrx_word' id='word_1_375' title='bbox 0 0 2250 5989; x_wconf 95' lang='lat' dir='ltr'><strong> </strong></span> 
     </span>
    </p>
   </div>
  </div>
 </body>
</html>
