4490 5990
716 667 1221 738 mmmmm

580 842 744 930 magister
757 843 912 912 robertus
925 861 1070 910 masouu
1085 859 1190 910 manu
1205 842 1342 928 propria

581 950 740 1018 dominus
756 949 926 1016 Iohannes
941 969 1077 1034 murray
1092 967 1196 1014 manu
1212 947 1347 1034 propria

581 1055 744 1142 magister
754 1053 951 1123 Willelmus
966 1053 1160 1140 philipsoun
1175 1053 1218 1120 ad
1234 1051 1297 1120 hec
1313 1074 1416 1122 manu
1432 1056 1568 1141 propria

581 1159 739 1229 dominus
754 1159 857 1230 dauid
873 1159 1089 1245 medyltoune
1104 1179 1209 1226 manu
1224 1157 1360 1245 propria

581 1265 739 1334 dominus
754 1263 855 1334 dauid
870 1266 988 1333 barlen
1002 1285 1106 1332 mauu
1121 1261 1256 1350 propria

872 1541 1040 1608 LXXIII.

362 1681 550 1750 MNIBUS
566 1681 696 1748 HANC
709 1679 903 1750 CARTAM
916 1679 1103 1748 risunsvel
1114 1678 1281 1748 audituris
1292 1679 1452 1750 dominus
1462 1683 1638 1752 Walterus
1659 1692 1703 1744 tol.
1715 1692 1762 1746 5⁶¹

265 1801 271 1814 '
404 1783 491 1854 blair
508 1783 706 1871 capellanus
727 1782 846 1852 altaris
864 1791 982 1850 sancte
1000 1781 1111 1852 crude
1129 1781 1246 1850 situati
1262 1781 1296 1848 in
1312 1783 1455 1852 ecclesia
1475 1785 1546 1872 diuj
1569 1787 1638 1856 nic·

279 1888 358 1974 olaij
382 1892 425 1959 dc
446 1889 616 1960 Abirdene
636 1898 789 1956 eternam
812 1887 848 1954 in
872 1887 1023 1959 Domino
1047 1887 1200 1956 Salutem
1227 1907 1305 1954 cum
1328 1909 1448 1958 omnes
1471 1891 1641 1960 stabimus

279 2004 359 2064 ante
378 1995 526 2064 tribunal
550 1993 677 2064 domini
696 1993 803 2062 nostri
823 1993 921 2062 ihesu
941 1991 1034 2064 cristi
1055 1991 1127 2060 siue
1151 1994 1277 2064 bonum
1296 1993 1370 2061 siue
1389 1995 1518 2064 malum
1540 1998 1640 2066 luerit

278 2100 444 2188 recepturi
459 2110 558 2188 prout
573 2101 610 2168 in
624 2118 762 2188 corpore
776 2099 946 2188 gessimus
962 2099 1070 2186 Igitur
1084 2099 1173 2168 diem
1190 2099 1331 2167 extremi
1349 2099 1468 2186 Iudicij
1485 2101 1643 2188 operibus

280 2204 508 2276 misericordie
534 2207 715 2294 expediens
739 2215 793 2274 est
820 2205 996 2293 preuenire
1022 2213 1060 2274 ut
1084 2204 1254 2274 seminata
1276 2203 1311 2272 in
1335 2205 1434 2274 terris
1460 2208 1643 2296 multiplici

278 2311 390 2380 furem
405 2311 606 2400 colligamus
620 2312 655 2380 in
667 2312 750 2382 celis
761 2313 860 2382 Vnde
875 2309 1037 2380 noueritis
1048 2331 1103 2378 me
1118 2309 1153 2378 in
1169 2319 1391 2396 augmentum
1407 2311 1514 2380 diuini
1528 2313 1644 2382 cultus

279 2425 313 2484 et
335 2417 500 2488 bononem
518 2417 573 2488 dei
596 2417 838 2506 omnipotentis
860 2415 1055 2486 beatissime
1074 2415 1215 2502 virginis
1241 2413 1347 2484 marie
1367 2415 1489 2484 matris
1508 2417 1581 2486 eius
1600 2441 1643 2488 ac

279 2521 431 2590 omnium
455 2532 650 2592 sanctorum
673 2531 707 2591 et
730 2531 925 2590 sanctarum
953 2520 1086 2590 dedisse
1109 2519 1319 2590 concessisse
1341 2529 1376 2589 et
1398 2521 1463 2590 hac
1485 2534 1644 2608 presente

279 2635 374 2694 carta
397 2647 473 2695 mea
495 2628 714 2718 confirmasse
738 2629 801 2694 deo
824 2623 1048 2712 omnipotenti
1071 2623 1312 2710 gloriosissime
1333 2623 1455 2712 virgini
1478 2627 1583 2696 marie
1605 2639 1639 2697 et

280 2729 438 2799 omnibus
464 2729 592 2800 sanctis
615 2751 657 2800 ac
679 2730 864 2818 capellanis
887 2727 980 2796 chori
1007 2728 1097 2797 beati
1121 2727 1243 2814 nicolai
1269 2727 1410 2796 ecclesie
1436 2731 1640 2816 parochialis

280 2837 322 2902 de
345 2835 503 2904 abirdene
525 2836 697 2922 perpetuis
718 2857 779 2922 pro
798 2850 865 2902 vno
887 2831 1118 2901 anniuersario
1140 2831 1317 2900 annuatim
1340 2833 1540 2903 celebrando
1562 2847 1639 2923 post

281 2938 410 3008 obitum
434 2961 547 3028 meum
570 2949 604 3008 et
626 2939 662 3006 in
685 2938 739 3008 die
761 2935 873 3008 obitus
899 2935 966 3004 mei
990 2933 1069 3005 cum
1095 2930 1210 3004 mffllis
1235 2935 1445 3006 celebrandis
1466 2961 1526 3026 per
1547 2940 1640 3027 ipsos

235 3033 241 3053 “
281 3045 475 3132 capellanos
490 3055 524 3114 et
539 3066 655 3113 eorum
671 3041 854 3132 quemlibet
870 3065 932 3133 per
947 3035 1059 3111 tolum
1080 3037 1289 3147 octdllarium
1305 3053 1343 3112 ut
1359 3043 1463 3112 moris
1481 3055 1532 3114 est
1551 3047 1640 3116 dicte

280 3147 423 3218 ecclesie
448 3171 526 3220 cum
551 3149 744 3239 palsacione
766 3171 933 3238 campane
955 3159 1058 3218 nocte
1078 3151 1279 3236 precedente
1303 3171 1362 3236 per
1384 3149 1522 3238 opidum
1546 3161 1581 3221 et
1604 3153 1639 3220 in

281 3255 424 3325 ecclesia
439 3256 473 3324 in
489 3257 638 3326 crastino
653 3259 696 3326 ad
711 3256 852 3325 missam
868 3259 912 3326 ad
927 3257 1034 3326 altare
1050 3265 1167 3324 sancte
1182 3253 1292 3323 crucis
1306 3277 1367 3342 pro
1379 3257 1493 3326 anima
1509 3279 1585 3328 mea
1600 3281 1640 3328 ac

246 3429 249 3435 ,
281 3359 460 3431 animabus
486 3363 659 3432 alexandri
685 3361 771 3432 blair
792 3362 899 3450 patris
924 3362 1047 3432 meist
1069 3361 1188 3431 matris
1214 3383 1288 3430 mee
1310 3361 1477 3430 elizabeth
1503 3365 1641 3434 barcula

283 3465 438 3535 mariorie
458 3468 623 3537 blinschel
644 3488 788 3536 noueree
806 3489 882 3536 mee
900 3470 933 3537 et
951 3491 1012 3556 pro
1027 3467 1149 3555 quibus
1167 3487 1261 3537 orare
1278 3467 1418 3536 tenebar
1435 3478 1469 3536 et
1487 3471 1639 3540 omnium

282 3571 431 3639 fidelium
450 3573 685 3642 defirnctorum
699 3595 804 3641 vnum
823 3579 974 3672 annuum
992 3572 1160 3642 redditum
1179 3575 1295 3642 decern
1314 3573 1497 3642 solidorum
1512 3577 1648 3649 vstralis

283 3686 418 3745 monete
440 3679 534 3765 regnj
558 3679 665 3747 scotie
685 3680 869 3748 leuandum
892 3679 1068 3748 annuatim
1089 3681 1130 3746 de
1150 3687 1223 3746 tota
1245 3688 1279 3746 et
1301 3679 1433 3767 integra
1454 3689 1545 3750 terra
1567 3692 1640 3751 tarn

281 3781 441 3850 anteriori
459 3801 560 3871 quarn
577 3785 737 3853 interiore
753 3785 930 3874 Wilhelmj
953 3783 1142 3854 blinscheill
1159 3785 1296 3853 Iacente
1316 3785 1402 3853 infra
1422 3785 1550 3854 dictum
1565 3789 1641 3856 bur·
1694 3827 1723 3879 1⁵
1735 3813 1831 3879 apest·

280 3909 361 3972 gum
385 3887 420 3955 in
442 3889 518 3958 vico
536 3889 675 3959 nauium
691 3913 731 3959 ex
746 3892 872 3961 boreali
890 3899 986 3977 parte
1003 3889 1154 3958 eiusdem
1168 3889 1234 3958 vici
1253 3889 1342 3958 inter
1357 3899 1482 3959 terram
1501 3891 1643 3962 simonis
1663 3881 1816 4011 posffin

282 3993 401 4079 gardin
423 4015 465 4063 ex
486 3995 643 4066 orientali
665 4019 707 4066 ex
728 4019 795 4066 vna
817 4005 850 4065 et
876 4005 1003 4066 terram
1029 3996 1169 4083 dominj'
1182 3997 1223 4064 de
1244 3996 1356 4066 sorbes
1378 4017 1420 4064 ex
1441 3997 1643 4066 occidentali
1663 4009 1862 4064 utenburron

282 4099 436 4185 partibus
451 4101 493 4170 ab
505 4101 612 4170 altera
627 4111 661 4170 et
676 4121 891 4170 communem
907 4101 996 4170 viam
1013 4101 1141 4187 regiam
1155 4121 1273 4168 versus
1289 4111 1442 4170 austrum
1457 4104 1641 4170 tenendum
1662 4075 1840 4208 ΨΜ

1716 4157 1734 4207 g
1743 4141 1835 4194 sollec-

283 4203 475 4272 habendum
492 4227 532 4274 ac
547 4205 787 4294 possidendum
802 4215 912 4274 totum
929 4215 962 4273 et
978 4205 1146 4293 integrum
1162 4205 1290 4273 dictum
1307 4227 1458 4274 annuum
1473 4205 1640 4274 redditum
1661 4214 1846 4324 &glefflffl

284 4310 399 4379 decem
421 4311 604 4380 solidorum
624 4312 724 4382 dictis
741 4311 926 4400 capellanis
943 4322 976 4380 et
996 4312 1067 4380 suis
1085 4311 1335 4381 successoribus
1355 4311 1540 4398 capellanis
1559 4311 1642 4380 dicti
1661 4336 1789 4390 eotlteoun

285 4415 378 4482 chori
398 4417 568 4508 perpetuis
583 4441 604 4487 a
619 4439 674 4487 me
694 4427 727 4487 et
747 4419 927 4487 heredibus
947 4417 1086 4486 maisin
1107 4439 1226 4504 puram
1247 4425 1280 4486 et
1301 4427 1499 4520 peppetuam
1519 4419 1641 4487 elemo·
1661 4402 1821 4536 ffmffiffi·

283 4519 394 4590 sinam
411 4525 664 4611 Imperpetuum
684 4547 761 4594 cum
780 4525 873 4592 omni
892 4527 969 4592 Iure
984 4533 1017 4592 ct
1037 4523 1125 4592 Iuris
1144 4523 1274 4592 clamen
1289 4534 1322 4593 et
1338 4545 1415 4593 cum
1434 4524 1594 4593 omnibus
1607 4533 1640 4594 et
1718 4535 1862 4588 mollesoun

283 4625 426 4714 singulis
451 4629 664 4705 libertatibus
689 4631 987 4702 commoditatibus
1010 4639 1043 4698 et
1066 4629 1264 4702 asiamentis
1286 4651 1327 4700 ac
1348 4629 1449 4700 iustis
1474 4629 1546 4700 suis
1567 4653 1640 4719 per·
1749 4633 1754 4666 l
1778 4599 1862 4654 ’ὠ
