4490 5990
565 637 717 704 Redditur
739 637 850 704 altaris
873 639 983 704 Sancti
1005 638 1114 725 Els'gij
1134 639 1311 724 confessoris
1558 661 1621 726 107

266 811 307 876 In
331 829 417 878 cono
439 807 504 876 vici
531 807 670 878 nauium
697 809 847 880 eiusdem
871 809 967 898 burgi
993 833 1034 880 ex
1060 810 1200 880 australi
1230 819 1325 896 parte
1354 811 1505 880 eiusdem
1533 813 1624 882 inter

264 923 372 982 terras
393 914 495 983 dauid
518 915 658 982 theman
681 925 714 982 et
737 915 853 982 thome
874 917 984 984 Waus
1007 939 1047 984 ex
1070 915 1224 984 orientali
1246 925 1280 984 et
1301 924 1426 984 terram
1451 921 1620 1003 quondam

265 1018 393 1088 hennei
408 1041 489 1106 crag
503 1041 545 1088 ex
558 1019 759 1116 occidentali
771 1022 940 1089 reddendo
952 1021 1029 1090 inde
1044 1019 1220 1090 annuatim
1232 1019 1341 1088 eidem
1356 1019 1455 1089 altari
1467 1021 1622 1108 Triginta

267 1123 393 1194 solidos

354 1231 443 1296 Item
463 1231 506 1296 de
519 1249 587 1298 vna
604 1229 699 1315 pecia
719 1239 806 1296 terre
830 1229 866 1296 in
887 1230 961 1316 futy
982 1228 1166 1315 vulgariter
1185 1237 1377 1315 nuncupate
1404 1229 1435 1297 le
1457 1231 1517 1298 but
1540 1231 1621 1298 olim

264 1335 423 1402 reddebat
440 1333 530 1401 dicto
545 1333 643 1402 altari
659 1341 789 1419 septem
812 1332 938 1401 solidos
961 1333 1008 1399 Et
1031 1353 1098 1400 non
1120 1333 1238 1402 reddat
1253 1331 1318 1400 nisi
1332 1331 1451 1418 vigintj
1468 1333 1623 1402 denarios

266 1460 330 1523 que
344 1437 407 1506 luit
423 1438 579 1508 edificata
594 1447 628 1506 et
644 1438 712 1506 iam
728 1437 863 1525 penitus
878 1447 930 1506 est
944 1447 1042 1506 vasta

353 1546 441 1612 Item
462 1545 503 1612 de
523 1565 590 1611 vno
609 1544 716 1612 crofto
734 1552 855 1612 vocato
878 1543 909 1612 le
931 1543 1071 1629 grethed
1093 1541 1282 1628 pertinente
1300 1539 1437 1610 domino
1457 1543 1499 1610 de
1520 1561 1624 1628 many

268 1650 405 1717 Iacente
431 1647 465 1714 in
485 1647 653 1716 territorio
671 1647 852 1715 croltorum
871 1649 912 1714 de
935 1645 1110 1714 Rubislaw
1126 1669 1167 1713 ex
1185 1645 1325 1716 australi
1341 1655 1436 1732 parte
1458 1645 1511 1714 vie
1533 1645 1624 1732 regie

264 1772 367 1837 prope
389 1751 421 1818 le
443 1752 621 1820 crabstane
642 1772 760 1818 versus
786 1751 1016 1824 molendinum
1041 1749 1220 1835 Iusticiarij
1244 1751 1413 1818 reddendo
1435 1749 1513 1818 inde
1532 1750 1634 1819 dicto·

265 1855 364 1924 altari
379 1855 556 1924 annuatim
572 1855 718 1941 quinque
741 1855 866 1922 solidos
889 1865 922 1924 et
946 1865 1090 1942 quatuor
1111 1853 1267 1922 denarios
1282 1855 1370 1940 quod
1386 1875 1476 1924 nunc
1493 1855 1623 1924 Iniuste

265 1960 435 2029 detinetur
459 1984 518 2048 per
543 1971 764 2048 occupatores
785 1960 935 2030 eiusdem
959 1984 980 2030 a
1006 1963 1107 2049 longo
1129 1971 1280 2049 tempore
1303 1983 1323 2029 a
1348 1961 1439 2030 dicto
1465 1962 1564 2031 altari
1588 1971 1622 2030 et

266 2065 437 2134 solucione
455 2087 545 2134 nunc
564 2068 704 2135 obtenta

354 2174 441 2239 Item
467 2174 509 2241 de
534 2181 623 2240 terra
650 2171 814 2240 Iohannis
840 2194 913 2240 mar
939 2171 972 2238 in
999 2172 1073 2240 vico
1100 2171 1202 2240 castri
1228 2172 1317 2240 inter
1344 2182 1468 2240 terram
1495 2173 1622 2240 domini

267 2276 431 2344 Iohannis
445 2275 622 2363 stirueling
636 2299 676 2346 ex
687 2299 754 2345 vna
769 2288 804 2345 et
820 2287 944 2345 terram
960 2277 1120 2344 heredum
1137 2279 1306 2363 quondam
1322 2276 1438 2346 thome
1453 2278 1621 2366 chapman

266 2383 308 2450 ab
324 2383 430 2480 altera
444 2385 612 2450 reddendo
628 2383 705 2450 inde
720 2381 829 2451 eidem
845 2381 943 2450 altan‘
959 2381 1135 2450 annuatim
1150 2381 1269 2468 viginti
1285 2381 1410 2450 solidos

354 2488 441 2554 Item
462 2489 503 2554 de
518 2496 607 2554 terra
622 2489 753 2554 Andree
768 2488 908 2556 Aneroft
929 2489 1067 2554 Iacente
1082 2485 1117 2554 in
1132 2488 1250 2554 eodem
1268 2486 1342 2556 vico
1361 2495 1432 2554 tam
1455 2485 1621 2556 anteriore

265 2611 367 2675 quam
390 2589 546 2658 interiore
568 2590 656 2658 inter
677 2601 802 2659 terram
825 2591 995 2676 alexandrj
1024 2592 1145 2659 burnat
1167 2611 1285 2659 versus
1306 2589 1419 2658 oriens
1440 2600 1474 2659 et
1497 2601 1621 2660 terram

265 2693 430 2762 Willelmi
446 2694 599 2763 blinseile
614 2715 738 2782 eouper
752 2717 869 2764 versus
884 2694 1041 2764 occidens
1053 2695 1221 2763 reddendo
1232 2694 1310 2764 inde
1321 2695 1497 2764 annuatim
1513 2695 1622 2763 eidem

265 2799 364 2870 altari
378 2799 497 2886 vigintj
514 2809 583 2868 tres
599 2802 725 2870 solidos
739 2811 773 2870 et
789 2811 933 2888 quatuor
948 2799 1103 2870 denarios

351 2907 494 2974 Summa
509 2905 609 2974 huius
627 2907 814 2992 capellanie
828 2907 861 2992 vj
878 2906 925 2974 lib
939 2928 987 2973 vs
1001 2905 1090 2991 viijd
1107 2903 1268 2991 Exceptis
1283 2904 1429 2990 quinque
1445 2904 1569 2972 solidos
1581 2907 1623 2970 de

265 3010 356 3079 dicto
371 3011 478 3078 crofto
493 3033 558 3096 que
573 3032 641 3078 non
656 3021 709 3080 est
725 3013 837 3079 soluta

910 3323 985 3388 Lx,

589 3479 741 3546 aeterra
756 3479 867 3545 azara
883 3447 994 3546 Sanies
1007 3478 1116 3565 azrgrj
1129 3477 1306 3566 censesne

275 3635 348 3794 IN
374 3635 491 3722 primis
505 3637 547 3704 de
561 3646 651 3705 terra
666 3639 835 3723 quondam
858 3635 991 3724 gilberti
1015 3639 1175 3723 Rybume
1197 3657 1287 3706 nunc
1309 3635 1498 3722 pertinente
1521 3638 1622 3705 dauid

359 3741 467 3810 broiss
503 3751 537 3808 et
571 3743 716 3810 donaldo
747 3745 864 3812 baxter
896 3741 1090 3828 portionarij
1126 3741 1276 3810 eiusdem
1312 3743 1450 3810 Iacente
1483 3742 1518 3810 in
1547 3742 1623 3810 vico

266 3843 416 3912 Nauium
449 3867 491 3912 ex
519 3845 673 3914 orientali
699 3856 794 3933 parte
825 3843 975 3914 eiusdem
1009 3846 1097 3914 inter
1127 3857 1252 3914 terram
1284 3847 1454 3932 quondam
1490 3847 1623 3914 Andree

265 3949 497 4037 lammyntone
526 3975 568 4018 ex
597 3953 722 4020 boreali
748 3975 789 4020 ex
812 3973 878 4020 vna
907 3963 941 4020 et
971 3961 1095 4020 terram
1122 3953 1292 4038 quondam
1324 3951 1486 4020 Richardi
1510 3973 1623 4039 ruyer·

264 4054 339 4121 furd
369 4077 410 4122 ex
439 4057 579 4124 australi
609 4058 760 4143 partibus
790 4060 833 4127 ab
862 4058 969 4126 altera
999 4060 1167 4126 reddendo
1200 4057 1278 4126 inde
1307 4056 1484 4125 annuatim
1514 4055 1622 4124 eidem

265 4159 364 4228 altari
387 4160 506 4248 vigintj
532 4161 658 4230 solidos
853 4161 923 4248 [sic]
947 4163 1137 4249 champane
1159 4161 1342 4230 infeodauit
1365 4161 1494 4228 dictum
1517 4161 1623 4229 altare

264 4265 305 4332 de
321 4265 543 4352 quadraginta
559 4265 685 4334 solidos
700 4268 741 4334 de
759 4267 877 4334 eadem
892 4275 982 4335 terra
1003 4277 1101 4354 prout
1124 4267 1158 4333 in
1182 4288 1244 4333 sua
1266 4265 1466 4334 fundacione
1481 4267 1624 4351 desuper

264 4370 418 4438 conlecta
435 4371 568 4456 plenius
590 4371 782 4440 continetur

352 4475 439 4541 Item
464 4477 504 4542 de
530 4485 619 4544 terra
640 4475 804 4544 Willelmi
828 4477 973 4546 loremar
996 4479 1133 4546 Iacente
1157 4477 1191 4544 in
1211 4475 1286 4543 vico
1312 4475 1344 4542 le
1367 4484 1514 4562 gastraw
1537 4473 1625 4542 inter

263 4589 387 4647 terram
404 4581 568 4648 Willelmi
584 4583 697 4650 iuthes
713 4604 753 4650 ex
769 4583 894 4650 boreali
911 4585 957 4650 Et
974 4592 1098 4652 terram
1341 4579 1411 4666 [sio]
1427 4603 1468 4648 ex
1483 4579 1623 4648 australi
