4460 5984
630 633 740 700 Obitus
761 633 910 720 magistri
931 633 1044 719 rotam
1064 633 1181 700 sclam
1521 653 1584 720 ²09

224 812 369 900 prietate
384 809 632 895 imperpetuum
650 807 737 876 Cum
756 805 848 890 omnj
868 807 945 874 Iure
961 815 994 874 et
1012 807 1100 874 Iuris
1116 807 1246 874 clameo
1264 807 1364 875 titulo
1382 808 1586 894 proprietate

225 927 258 984 et
271 913 483 1002 possessione
495 913 545 978 Ac
557 933 635 980 cum
648 910 805 978 omnibus
817 910 894 996 alijs
909 921 943 977 et
959 911 1101 996 singulis
1116 911 1327 978 libertatibus
1339 913 1586 981 commoditati·

225 1023 288 1089 bus
304 1029 337 1087 et
353 1017 551 1088 asiamentis
566 1037 607 1084 ac
624 1015 729 1084 Iustis
749 1015 820 1082 suis
836 1015 1049 1100 pertinentijs
1064 1015 1319 1101 quibuscunque
1337 1019 1379 1084 ad
1398 1017 1585 1103 predictum

225 1147 376 1194 annuum
406 1121 574 1189 redditum
605 1142 683 1188 cum
713 1119 926 1206 pertinentijs
956 1120 1188 1205 spectantibus
1218 1141 1278 1188 seu
1309 1123 1404 1190 Iuste
1434 1131 1587 1208 spectare

224 1228 416 1298 valentibus
436 1225 685 1310 quomodolibet
706 1224 741 1290 in
761 1225 910 1292 futurum
927 1225 1020 1292 Adeo
1041 1223 1143 1292 libere
1159 1223 1270 1310 quiete
1288 1226 1437 1311 plenarie
1457 1226 1587 1312 integre
1608 1239 1713 1296 ἰσων

225 1333 408 1401 honorifice
428 1331 513 1400 bene
533 1339 567 1398 et
588 1331 622 1396 in
643 1351 726 1415 pace
746 1328 781 1395 in
801 1329 959 1397 omnibus
981 1337 1014 1396 et
1035 1329 1228 1415 per'omnia
1248 1329 1336 1399 sicut
1356 1331 1458 1416 aliquj
1481 1331 1584 1417 annuj

225 1439 376 1506 redditus
399 1437 441 1504 de
464 1435 633 1522 aliquibus
655 1433 754 1501 tenis
778 1433 864 1500 inira
888 1433 1016 1501 dictum
1041 1435 1184 1519 burgum
1209 1436 1333 1502 dantur
1357 1436 1587 1503 conceduntur

226 1553 285 1612 aut
301 1541 516 1628 possidentur
527 1539 600 1606 sine
611 1538 827 1606 reuocatione
842 1537 1083 1606 reclamatione
1094 1547 1153 1604 aut
1166 1538 1431 1607 contradictione
1447 1539 1584 1625 aliqualj

227 1648 292 1732 mej
311 1647 472 1714 heredum
488 1665 640 1711 meorum
657 1643 907 1728 assignatorum
920 1665 979 1709 seu
992 1643 1134 1708 aliorum
1148 1665 1423 1728 quorumcunque
1439 1645 1587 1732 Quamo-

226 1753 318 1822 brem
338 1751 420 1818 dicti
439 1759 577 1818 curatus
595 1758 629 1816 et
648 1749 814 1834 capellanj
832 1757 865 1816 et
881 1747 932 1832 suj
951 1769 1164 1815 successores
1182 1747 1391 1818 celibrabunt
1409 1749 1585 1818 annuatim

225 1878 328 1926 vnam
344 1855 484 1924 missam
503 1853 628 1940 requiej
646 1855 688 1922 de
706 1862 788 1920 nota
803 1853 838 1919 in
855 1852 997 1921 Cantico
1018 1852 1216 1938 gregoriano
1231 1851 1376 1942 septimo
1391 1853 1445 1922 die
1460 1853 1587 1921 mensis

226 1959 343 2046 marcij
360 1981 466 2044 vsque
487 1959 529 2026 ad
550 1959 638 2026 diem
660 1957 772 2026 obitus
792 1957 859 2024 mei
875 1967 908 2025 et
928 1965 1004 2043 post
1025 1957 1156 2024 obitum
1176 1977 1289 2026 meum
1310 1957 1345 2024 in
1365 1957 1426 2025 tali
1446 1957 1500 2026 die
1520 1979 1587 2043 quo

226 2063 443 2150 migrauen‘m
459 2064 501 2131 de
516 2064 580 2130 boc
597 2063 711 2130 seculo
722 2063 766 2130 ad
778 2061 885 2130 altare
900 2063 998 2128 beate
1013 2082 1102 2129 anne
1117 2061 1326 2129 antedictum
1342 2084 1420 2130 cum
1436 2061 1587 2149 exequijs

226 2169 311 2238 meis
334 2167 553 2256 solempniter
574 2187 666 2234 more
690 2166 790 2234 solito
807 2187 889 2232 cum
914 2165 1054 2252 placebo
1080 2173 1114 2232 et
1137 2165 1243 2251 dirige
1265 2176 1364 2234 nocte
1387 2167 1586 2252 precedente
1616 2215 1622 2228 .

226 2273 374 2344 cantatis
405 2281 439 2339 et
469 2271 589 2338 ceteris
619 2270 733 2338 missis
762 2291 822 2356 per
851 2269 1002 2355 singulos
1038 2269 1233 2356 capellanos
1262 2292 1321 2356 per
1350 2270 1585 2338 hebdomidem

228 2377 431 2446 Immediate
448 2385 645 2462 sequentem
660 2385 696 2441 vt
713 2375 816 2442 moris
834 2383 885 2440 est
905 2375 952 2442 Et
971 2374 1131 2442 collector
1148 2374 1315 2442 dictorum
1335 2375 1585 2461 capellanorum

227 2483 283 2570 quj
301 2505 361 2570 pro
376 2490 529 2566 tempore
540 2479 639 2550 luerit
652 2479 829 2546 distribuet
840 2479 1027 2564 predictam
1040 2499 1209 2546 summam
1221 2488 1257 2544 vt
1270 2479 1421 2564 sequitur
1431 2479 1587 2549 videlicet

226 2586 406 2672 unicuique
437 2584 613 2670 capellano
643 2583 792 2672 presenti
820 2592 854 2650 et
884 2582 1061 2651 celibranti
1099 2583 1267 2651 sexdecim
1305 2583 1460 2652 denarios
1499 2587 1586 2656 Item

227 2690 368 2758 sacriste
383 2711 443 2778 pro
458 2689 649 2775 pulsatione
668 2707 910 2773 campanarum
929 2686 1019 2754 trina
1033 2682 1106 2756 vice
1122 2688 1165 2755 ad
1181 2686 1340 2776 exequias
1358 2697 1392 2756 et
1411 2687 1500 2757 trina
1515 2689 1588 2756 vioe
1645 2734 1649 2746 =

227 2797 271 2864 ad
283 2793 423 2862 missam
435 2803 580 2878 quatuor
594 2793 704 2862 decim
715 2791 871 2860 denarios
884 2794 972 2860 Item
984 2791 1119 2878 preconj
1134 2793 1176 2860 ad
1188 2791 1463 2861 circumeundam
1479 2803 1588 2863 totam

227 2900 342 2968 vrbem
361 2920 438 2966 cum
460 2919 627 2984 campana
650 2897 799 2983 manualj
822 2905 857 2964 et
879 2895 958 2964 viua
977 2917 1059 2964 voce
1082 2897 1232 2965 eiusdem
1253 2896 1464 2966 Incitandum
1485 2920 1588 2987 popu·

228 3003 299 3072 lum
322 3005 365 3070 ad
388 3003 552 3070 orandum
576 3023 637 3089 pro
660 3001 774 3070 anima
801 3023 877 3068 mea
903 3003 989 3070 duos
1014 3001 1170 3069 denarios
1197 3003 1285 3070 Item
1312 3001 1413 3070 certis
1436 3003 1589 3089 personis

227 3107 384 3194 inopibus
400 3116 433 3173 et
445 3105 633 3174 scolasticis
648 3105 876 3193 indigentibus
892 3105 1104 3192 presentibus
1118 3105 1153 3172 in
1170 3105 1274 3174 missa
1289 3115 1323 3176 et
1338 3107 1488 3194 exequijs
1503 3107 1589 3177 meis

228 3223 262 3282 et
285 3212 459 3282 orantibus
482 3233 541 3298 pro
564 3211 679 3278 anima
702 3233 779 3278 mea
801 3233 861 3297 per
883 3210 1120 3278 discretionem
1143 3209 1333 3280 collectoris
1355 3213 1440 3279 duos
1463 3213 1588 3282 solidos

229 3319 318 3386 Item
339 3316 450 3384 dictus
473 3316 632 3382 collector
654 3315 783 3401 sibiipsi
806 3315 950 3402 accipiet
971 3336 1031 3400 pro
1053 3335 1131 3384 cera
1151 3324 1185 3382 et
1205 3337 1266 3401 pro
1286 3315 1453 3384 locatione
1472 3317 1588 3386 tabule

228 3424 386 3490 decenter
401 3431 434 3488 et
450 3421 592 3488 honeste
607 3431 764 3506 cooperte
779 3441 881 3506 super
896 3429 1154 3486 monumentum
1170 3441 1284 3488 meum
1300 3419 1384 3488 duos
1400 3421 1525 3489 solidos
1541 3423 1587 3491 Et

229 3527 292 3594 hec
315 3525 429 3594 omnia
451 3523 651 3610 perimplere
674 3524 797 3592 facient
825 3524 906 3592 dicti
929 3523 1095 3610 capellanj
1121 3533 1154 3592 et
1177 3525 1228 3610 suj
1254 3545 1466 3593 successores
1488 3535 1588 3611 prout

229 3653 343 3700 coram
360 3651 494 3698 summo
509 3628 620 3696 iudice
635 3628 670 3696 in
685 3629 739 3696 die
755 3629 894 3714 extremj
917 3627 1036 3714 Iudicij
1054 3631 1255 3714 respondere
1270 3629 1437 3696 voluerint
1452 3639 1587 3700 tantum

229 3757 290 3824 pro
302 3735 393 3820 omnj
408 3733 475 3800 alio
486 3754 587 3800 onere
599 3733 737 3802 seruitio
753 3733 895 3801 seculari
908 3743 967 3800 aut
980 3733 1145 3820 spiritualj
1163 3733 1337 3800 exactione
1349 3755 1409 3802 seu
1420 3736 1588 3805 demanda

229 3859 294 3926 que
321 3841 361 3906 de
388 3839 429 3906 de
455 3837 605 3924 predicto
635 3859 748 3905 annuo
777 3837 909 3906 redditu
935 3859 1013 3906 cum
1040 3837 1253 3924 pertinentiis
1282 3836 1472 3925 aliqualiter
1501 3839 1588 3928 exigi

230 3942 376 4031 poterint
402 3951 461 4010 aut
488 3941 611 4030 requiri
637 3943 683 4010 Et
708 3963 770 4027 ego
794 3963 873 4010 vero
896 3941 1068 4029 predictus
1093 3942 1255 4028 magister
1279 3943 1433 4011 robertus
1458 3943 1589 4014 schand

229 4048 370 4114 heredes
390 4047 456 4133 mej
479 4055 512 4112 et
533 4045 696 4132 assignatj
718 4055 829 4114 totum
850 4055 884 4114 et
904 4045 1072 4132 integrum
1096 4047 1224 4114 dictum
1247 4067 1398 4115 annuum
1420 4047 1587 4118 redditum

228 4151 349 4237 viginti
378 4171 438 4218 sex
467 4149 650 4218 solidorum
677 4158 711 4218 et
737 4159 814 4218 octo
840 4150 1053 4219 denariorum
1084 4171 1162 4218 cum
1188 4149 1404 4238 pertinenciis
1430 4152 1589 4239 predictis

230 4265 347 4324 curato
370 4259 404 4322 et
427 4254 612 4340 capellanis
634 4263 804 4322 eteorum
827 4253 1077 4322 successoribus
1099 4253 1134 4323 in
1157 4254 1314 4324 omnibus
1336 4264 1370 4322 et
1393 4277 1453 4342 per
1474 4257 1589 4327 omnia

228 4361 336 4428 forma
352 4359 478 4446 pariter
495 4367 528 4426 et
547 4359 668 4426 effectu
682 4367 719 4427 vt
738 4359 940 4446 premissum
955 4368 1007 4426 est
1022 4369 1140 4428 contra
1158 4381 1277 4428 omnes
1294 4360 1454 4428 mortales
1468 4381 1588 4429 varan·

228 4465 409 4532 tizabimus
431 4463 699 4550 acquietabimus
719 4475 753 4532 et
772 4464 1020 4550 imperpetuum
1043 4465 1261 4533 defendemus
1281 4465 1437 4533 omnibus
1457 4466 1534 4532 dolo
1554 4476 1588 4535 et

228 4571 345 4638 iraude
370 4569 511 4638 seclusis
535 4571 576 4636 In
599 4568 706 4638 Cuius
727 4569 775 4636 rei
797 4568 1030 4637 testimonium
1054 4569 1143 4638 hanc
1166 4577 1356 4656 presentem
1380 4569 1588 4639 fundationis

890 4673 940 4724 nn
1421 4677 1423 4682 ·
