4488 5996
654 666 717 737 268
821 723 823 730 .
892 667 1098 756 Confirmatio
1116 667 1227 736 -lacoln'
1247 666 1363 736 luitur
1384 666 1421 736 de
1443 663 1775 755 announcement

655 843 750 908 firme
773 845 816 910 ad
839 843 1002 910 terminos
1025 843 1271 928 suprascriptos
1292 843 1345 908 vel
1369 843 1457 910 intra
1480 841 1703 927 quadraginta
1721 841 1794 908 dies
1810 839 2012 906 Immediate

656 954 732 1030 post
760 945 944 1030 quemlibet
970 945 1153 1012 terminum
1181 945 1312 1029 integra
1335 945 1502 1012 solutione
1528 966 1596 1012 non
1621 944 1713 1010 facta
1735 953 1818 1010 tunc
1840 951 1874 1008 et
1897 941 1932 1008 in
1955 940 2013 1006 illo

656 1068 737 1115 casu
761 1047 942 1114 infeodatio
965 1032 1160 1132 huiusmodj'
1174 1057 1262 1113 terre
1285 1047 1459 1114 concessio
1482 1047 1517 1114 in
1539 1046 1729 1114 feudifirma
1743 1045 1870 1112 nullius
1884 1042 2014 1110 roboris

655 1149 718 1216 erit
734 1159 793 1233 aut
812 1149 976 1216 momenti
999 1151 1045 1215 Et
1068 1148 1199 1216 licitum
1222 1148 1285 1214 erit
1308 1149 1405 1215 nobis
1428 1158 1461 1214 et
1485 1148 1610 1216 nostris
1633 1146 1889 1214 successoribus
1898 1145 2013 1212 huius-

656 1253 747 1320 modi
762 1261 887 1320 terram
903 1272 1112 1320 reassumere
1128 1261 1161 1318 et
1177 1271 1278 1336 super
1297 1252 1415 1318 eadem
1431 1261 1465 1318 et
1482 1253 1524 1318 ad
1544 1260 1659 1318 nostre
1673 1248 1860 1316 voluntatis
1879 1247 2013 1314 libitum

656 1355 833 1442 disponere
863 1356 990 1440 absque
1023 1354 1106 1420 iuris
1135 1375 1295 1440 processu
1325 1355 1374 1419 Ac
1404 1352 1597 1420 huiusmodi
1634 1363 1723 1419 terra
1752 1351 1787 1418 in
1816 1351 2014 1418 fewdifirma

655 1479 829 1543 nunquam
845 1479 1007 1524 concessa
1021 1456 1139 1524 fuisset
1155 1477 1286 1522 necnon
1299 1455 1438 1540 quilibet
1453 1457 1495 1522 de
1510 1477 1599 1522 nouo
1614 1454 1747 1522 intrans
1761 1455 1805 1522 ad
1820 1452 2014 1520 huiusmodi

656 1571 781 1628 terram
812 1560 996 1646 duplicabit
1027 1559 1219 1626 huiusmodi
1252 1558 1483 1626 leudifirmam-
1505 1558 1540 1624 in
1571 1579 1632 1624 suo
1662 1557 1771 1642 primo
1801 1555 1941 1623 introitu
1971 1556 2014 1623 ad

656 1665 799 1730 eandam
815 1673 851 1730 vt
867 1663 970 1754 moris
993 1673 1044 1729 est
1073 1663 1260 1729 leudifirme
1284 1663 1334 1728 IN
1359 1662 1457 1730 cuius
1478 1661 1525 1728 rei
1548 1661 1781 1728 testimonium
1803 1659 2015 1746 presentibus

657 1764 960 1850 subscriptionibus
975 1764 1100 1830 nostris
1115 1764 1330 1830 manualibus
1344 1763 1510 1832 roboratis
1522 1763 1670 1849 sigillum
1683 1785 1862 1830 commune
1874 1761 2013 1848 capituli

657 1867 763 1934 nostri
789 1867 934 1954 appendi
960 1867 1103 1934 fecimus
1128 1868 1227 1952 Apud
1254 1866 1412 1932 abirdene
1437 1877 1560 1933 octauo
1587 1866 1640 1932 die
1667 1866 1793 1932 mensis
1820 1865 1898 1932 Iulii
1924 1885 2014 1931 anno

657 1969 784 2038 domini
808 1969 988 2036 millesimo
1011 1969 1280 2055 quingentesimo
1303 1969 1554 2057 septuagesimo
1580 1979 1700 2054 quarto
1723 1971 1846 2037 Coram
1869 1967 2015 2035 testibus

657 2073 792 2158 georgio
809 2073 996 2158 straquhyn
1013 2072 1174 2156 magistro
1190 2073 1308 2138 thoma
1323 2072 1497 2158 malysone
1517 2073 1643 2138 andrea
1662 2071 1863 2156 garreaucht
1878 2069 2014 2156 georgio

658 2175 736 2241 blak
758 2173 895 2240 henrico
920 2175 1044 2240 multra
1070 2175 1197 2240 Ioanne
1215 2173 1367 2240 chalmer
1389 2185 1422 2239 et
1445 2173 1608 2260 magistro
1635 2175 1763 2240 Ioanne
1787 2173 1942 2258 kennedy
1958 2171 2014 2239 Sic

658 2275 879 2343 subscribitur
896 2277 1042 2342 Ioannes
1058 2276 1241 2342 collisoune
1256 2275 1401 2342 vicarius
1420 2297 1524 2342 manu
1539 2274 1674 2360 propria
1690 2275 1851 2360 magister
1867 2277 2015 2342 Ioannes

658 2379 812 2464 kennedy
824 2400 927 2444 manu
940 2378 1074 2464 propria
1086 2377 1230 2444 willeam
1242 2378 1357 2444 valcar
1367 2387 1413 2444 wt
1429 2400 1486 2464 my
1497 2378 1588 2444 hand
1600 2377 1758 2444 dominus
1775 2379 1921 2444 Ioannes
1937 2377 2015 2444 blak

658 2503 761 2548 manu
786 2479 920 2566 propria
945 2481 1101 2548 dominus
1127 2481 1273 2546 Ioannes
1296 2479 1415 2564 vrycht
1440 2501 1501 2546 sua
1528 2501 1632 2546 manu
1662 2480 1824 2564 magister
1847 2482 2015 2547 eduardus

659 2605 818 2670 mengaes
836 2605 939 2650 manu
962 2581 1096 2669 propria
1115 2603 1171 2668 syr
1193 2583 1305 2648 Iames
1326 2580 1462 2667 barclay
1482 2581 1641 2648 collector
1660 2582 1711 2648 lor
1729 2604 1771 2667 ye
1792 2593 1884 2667 tyme
1903 2591 1939 2650 vt
1958 2603 2016 2666 my

661 2685 752 2754 hand

792 2909 869 2974 Hoc
885 2915 936 2972 est
946 2927 1062 2972 verum
1074 2906 1245 2990 exemplar
1256 2905 1327 2972 siue
1339 2915 1609 2992 transsumptum
1621 2903 1816 2991 principalis
1831 2913 1923 2971 carte
1938 2925 2016 2970 con·

791 3007 993 3075 firmationis
1008 3007 1118 3092 sigillo
1134 3007 1305 3074 communi
1320 3007 1485 3074 dictorum
1505 3009 1756 3094 capellanorum
1772 3008 1966 3075 roboratum
1983 3017 2018 3074 et

792 3109 1095 3196 subscriptionibus
1119 3111 1191 3177 suis
1215 3110 1383 3176 munitum
1406 3111 1446 3177 In
1466 3111 1624 3179 omnibus
1644 3132 1722 3178 cum
1743 3109 1919 3195 principali
1940 3131 2018 3177 con-

791 3217 935 3284 cordans
961 3214 1008 3280 nil
1035 3215 1149 3282 addito
1172 3215 1224 3280 vel
1252 3213 1417 3282 diminuto
1442 3217 1531 3300 quod
1554 3215 1634 3282 lacti
1658 3213 1884 3281 substantiam
1908 3225 2017 3282 mutet

791 3329 850 3386 aut
871 3317 1081 3384 intellectum
1102 3317 1207 3384 variet
1228 3317 1484 3384 collationatum
1506 3327 1539 3383 et
1556 3317 1790 3402 equiparatum
1811 3315 2017 3383 authoritate

792 3420 993 3488 balliuorum
1024 3419 1120 3504 burgi
1150 3421 1191 3486 de
1221 3420 1378 3486 abirdene
1410 3419 1564 3486 Iudicum
1595 3419 1838 3486 ordinariorum
1869 3419 2018 3486 authori·

792 3533 898 3591 tatem
923 3545 1020 3590 suam
1050 3523 1129 3588 huic
1153 3531 1385 3608 transsumpto
1412 3521 1696 3606 interponentium
1722 3541 1780 3606 per
1810 3543 1864 3586 me
1894 3521 2018 3607 magis·

793 3636 883 3692 trum
904 3627 1067 3692 Ioannem
1087 3627 1250 3710 Kennedy
1270 3623 1415 3692 scribam
1436 3625 1532 3710 burgi
1550 3625 1591 3692 de
1612 3623 1770 3692 abirdene
1788 3645 1828 3690 ac
1847 3624 2017 3692 notarium

793 3730 966 3819 publicum
988 3730 1215 3818 subscriptum
1806 3713 1809 3723 ⁴

923 3941 978 4006 lta
1002 3949 1054 4006 est
1080 3939 1243 4026 magister
1270 3941 1415 4006 Ioannes
1442 3939 1596 4023 kennedy
1619 3934 1771 4004 notarius
1797 3935 1952 4021 publicus
1978 3959 2018 4006 ac

1008 4043 1105 4130 burgi
1142 4047 1184 4112 de
1220 4043 1358 4111 abirden
1395 4042 1505 4110 scriba
1543 4041 1734 4110 communis
1771 4061 1831 4126 pro
1867 4049 2020 4130 tempore

1009 4171 1112 4216 manu
1135 4148 1269 4234 propria

924 4255 978 4320 Ita
1004 4263 1055 4319 est
1086 4253 1248 4338 magister
1276 4252 1429 4320 Thomas
1456 4251 1655 4337 malysoune
1684 4253 1836 4320 notarius
1866 4251 2021 4338 publicus

1012 4379 1115 4430 manu
1131 4357 1266 4443 propria
