4460 5984
703 637 765 732 188
1159 645 1260 716 Carta
1280 643 1434 716 Nicbolai
1456 645 1582 715 barem

699 815 782 884 feria
806 821 954 888 secunda
979 841 1080 889 vnam
1108 821 1248 888 missam
1275 823 1317 890 de
1347 821 1494 908 quinque
1515 821 1696 890 wlnen'bus
1722 821 1840 888 christi
1870 843 1930 908 per
1954 843 2058 889 vnum

699 919 866 987 dictorum
877 923 1129 1007 capellanorum
1139 933 1175 990 vt
1186 923 1289 990 moris
1299 934 1350 992 est
1361 926 1404 992 ad
1414 925 1521 992 altare
1531 934 1648 992 sancte
1659 925 1768 992 crucis
1779 924 1814 990 in
1825 923 1904 990 naui
1917 924 2058 991 ecclesie

700 1031 871 1090 setuatum
889 1024 932 1090 lie
948 1026 1074 1092 broune
1098 1047 1194 1094 croce
1216 1027 1386 1112 wlgariter
1406 1037 1526 1094 vocate
1550 1029 1693 1094 Necnon
1715 1026 1750 1092 in
1773 1026 1827 1094 die
1850 1025 1962 1094 obitus
1985 1048 2059 1092 mee

700 1126 878 1192 annuatim
902 1127 1060 1213 exequias
1084 1139 1292 1194 mortuorum
1309 1151 1386 1195 cum
1409 1128 1550 1214 placebo
1565 1139 1599 1195 et
1623 1129 1727 1215 dirige
1750 1129 1855 1194 missa
1879 1131 2004 1196 denota
2026 1138 2060 1194 et

699 1229 869 1316 trigentali
893 1254 952 1317 per
979 1233 1185 1300 ebdomitam
1209 1233 1404 1301 immediate
1428 1243 1624 1318 sequentem
1656 1243 1692 1300 ut
1724 1233 1828 1300 moris
1854 1242 1906 1298 est
1933 1235 2058 1318 Imper-

699 1342 839 1418 petuum
869 1355 929 1420 pro
960 1335 1070 1401 salute
1101 1336 1213 1402 anime
1243 1357 1318 1402 mee
1355 1346 1388 1403 et
1425 1337 1616 1402 animarum
1654 1335 1881 1422 predictarum
1914 1337 2059 1420 Insuper

699 1435 858 1502 collector
873 1435 1039 1504 dictorum
1057 1438 1307 1524 capellanorum
1324 1439 1380 1524 qui
1397 1461 1456 1524 pro
1479 1449 1630 1524 tempore
1651 1439 1750 1504 luerit
1774 1459 1954 1524 preconem
1979 1459 2056 1505 curn

698 1559 865 1624 campana
881 1540 1032 1606 manuali
1047 1551 1157 1608 totum
1174 1541 1334 1626 oppidum
1351 1541 1527 1608 circumire
1542 1541 1643 1608 faciet
1662 1541 1696 1606 in
1718 1541 1772 1608 die
1787 1540 2003 1625 exequiarum
2019 1548 2057 1606 ut

697 1639 857 1707 incitetur
871 1643 1016 1727 populus
1039 1644 1082 1710 ad
1105 1644 1354 1728 deprecandum
1377 1665 1437 1728 pro
1460 1644 1594 1710 saulute
1617 1641 1807 1709 animarum
1830 1641 2057 1728 predictarum

697 1744 848 1810 tabulam
873 1767 973 1830 super
996 1755 1253 1812 monumentum
1278 1768 1390 1811 meum
1414 1755 1516 1831 ponet
1545 1747 1639 1812 Idem
1663 1745 1766 1830 pallio
1789 1744 1861 1812 siue
1884 1743 2057 1830 cooptorio

697 1846 841 1913 honesto
857 1848 1025 1934 cooperiet
1042 1847 1222 1914 luminaria
1239 1869 1335 1914 cerea
1360 1847 1516 1914 Inuenict
1532 1857 1565 1914 et
1582 1849 1718 1915 demum
1735 1847 1913 1915 sacristam
1929 1847 2058 1932 prefate

697 1947 838 2014 ecclesie
869 1971 1054 2034 campanos
1083 1950 1172 2017 trina
1202 1951 1274 2016 vice
1302 1952 1353 2016 Ad
1384 1950 1550 2017 eiusmodi
1581 1949 1739 2036 exequias
1770 1959 1803 2018 et
1831 1949 1988 2016 similiter
2013 1951 2056 2016 ad

697 2049 837 2118 missam
854 2053 981 2148 pulsari
997 2051 1098 2119 faciet
1114 2053 1270 2138 expensis
1286 2053 1450 2120 dictorum
1469 2053 1720 2138 capellanorum
1737 2063 1774 2120 ut
1791 2075 1905 2120 coram
1922 2051 2056 2119 summo

698 2153 813 2220 Iudice
835 2155 1157 2240 respondere.velint
1181 2155 1409 2241 quo'seruitio
1433 2155 1617 2223 deleciente
1641 2158 1729 2241 quod
1752 2156 1840 2224 absit
1864 2155 2057 2222 conditione
2170 2199 2177 2214 ·

697 2257 830 2326 adiecta
846 2259 934 2342 quod
950 2257 1090 2326 heredes
1102 2257 1221 2344 prelati
1238 2259 1397 2342 nicholaij
1412 2257 1484 2324 sine
1496 2279 1697 2344 quocunque
1713 2259 1890 2326 obstaculo
1907 2258 2055 2325 habeant

696 2381 885 2446 regressum
917 2358 959 2426 ad
985 2360 1171 2447 predictam
1202 2369 1327 2426 terram
1351 2383 1428 2427 cum
1452 2359 1670 2446 pertinenciis
1694 2361 1915 2428 Reseruando
1938 2369 2054 2426 tamen

694 2484 754 2548 per
783 2463 897 2529 omnia
935 2463 1025 2529 dicto
1063 2463 1232 2529 nicholaio
1270 2463 1412 2530 liberum
1447 2463 1672 2530 tinementum
1711 2474 1745 2530 et
1782 2463 2053 2530 vsumfructuum

694 2561 846 2635 eiusdem
858 2585 918 2648 pro
929 2574 1002 2632 toto
1017 2575 1169 2650 tempore
1180 2565 1249 2631 vite
1266 2586 1325 2631 sue
1337 2575 1370 2631 et
1384 2565 1586 2632 Immediate
1598 2573 1674 2650 post
1691 2565 1819 2633 obitum
1836 2587 1935 2632 suum
1952 2565 2055 2632 intro-

694 2665 885 2758 mittentem
902 2689 979 2734 cum
996 2666 1154 2753 proficuis
1169 2676 1202 2732 et
1218 2665 1383 2734 fructibus
1398 2667 1549 2733 eiusdem
1566 2677 1636 2733 tere
1656 2667 1726 2750 [sic]
1746 2687 1824 2734 curn
1835 2667 2055 2752 pertinenciis
2073 2721 2078 2730 .

693 2777 726 2834 et
743 2769 846 2836 etiam
863 2767 1027 2854 incipiens
1044 2769 1220 2836 seruitium
1236 2778 1451 2854 prenotatum
1470 2777 1504 2836 et
1520 2769 1569 2836 sic
1585 2770 1789 2837 continuans
1804 2769 2052 2856 imperpetuum

693 2869 844 2938 Tantum
861 2893 921 2958 pro
934 2861 1010 2941 'alio
1034 2857 1176 2938 seruicio
1197 2868 1339 2937 seculari
1353 2871 1530 2938 'exactione
1553 2892 1613 2938 seu
1633 2871 1813 2940 Demanda
1829 2894 1894 2957 que
1917 2874 1957 2939 de
1981 2894 2053 2958 pre-

694 2973 785 3040 dicta
800 2984 889 3042 terra
905 2955 982 3040 cuni
999 2973 1215 3060 pertinenciis
1238 2974 1429 3060 aliqualiter
1451 2973 1539 3060 exigi
1560 2973 1683 3060 poterit
1706 2983 1765 3042 aut
1787 2973 1910 3062 requiri
1927 2977 1973 3042 Et
1989 2996 2053 3061 ego

693 3096 773 3142 vero
784 3075 896 3143 dictus
908 3075 1097 3142 nicholaius
1109 3077 1246 3144 baxstar
1257 3075 1398 3142 heredes
1410 3075 1477 3142 mei
1489 3084 1522 3142 et
1538 3075 1703 3162 assignati
1714 3085 1823 3144 totam
1836 3087 1870 3142 et
1886 3076 2052 3162 integram

693 3177 820 3245 dictam
836 3186 960 3245 terram
977 3200 1054 3244 cum
1071 3174 1288 3263 pertinenciis
1311 3175 1450 3263 prelatis
1472 3187 1590 3244 curato
1605 3188 1639 3244 et
1663 3179 1848 3264 capellanis
1863 3190 1897 3246 et
1916 3189 1949 3245 et
1973 3179 2045 3263 [sic]

693 3301 809 3347 eorum
825 3279 1076 3346 successoribus
1092 3280 1125 3344 in
1142 3279 1299 3347 omnibus
1314 3289 1350 3386 eq
1365 3301 1424 3365 per
1439 3279 1553 3347 omnia
1568 3291 1606 3346 ut
1622 3281 1824 3365 premissum
1841 3291 1892 3347 est
1908 3303 1968 3368 per
1982 3303 2053 3349 om·

693 3401 754 3448 nes
775 3392 884 3449 terras
899 3391 932 3448 et
948 3382 1179 3466 possessiones
1202 3403 1297 3447 meas
1312 3393 1430 3448 contra
1451 3403 1569 3448 omnes
1590 3381 1751 3449 mortales
1766 3384 2055 3452 varantizabimus

635 3471 638 3478 ¹
693 3484 963 3570 acquietabimus
987 3494 1019 3550 et
1048 3485 1301 3570 Imperpetuum
1332 3483 1550 3550 defendemus
1577 3485 1734 3552 omnibus
1762 3486 1880 3553 fraude
1910 3497 1943 3553 et
1974 3488 2053 3554 dolo

692 3587 835 3654 seclusis
859 3589 899 3654 In
923 3586 1019 3653 cuius
1044 3587 1092 3652 rei
1116 3587 1350 3652 testimonium
1377 3585 1525 3672 sigillum
1549 3609 1663 3654 meum
1690 3587 1860 3673 proprium
1883 3609 1951 3655 vna
1974 3611 2053 3655 curn

692 3689 803 3776 sigillo
829 3687 1036 3756 honorabilis
1058 3688 1120 3754 viri
1151 3687 1317 3756 Willelmi
1344 3689 1474 3755 rolland
1501 3689 1600 3755 vnius
1626 3689 1827 3756 balliuorum
1851 3689 1931 3758 dicti
1955 3691 2053 3777 burgi

692 3815 732 3860 ac
756 3791 883 3859 datoris
906 3791 1017 3858 sasine
1040 3791 1234 3858 huiusmodi
1257 3791 1469 3876 presentibus
1493 3801 1571 3858 sunt
1595 3813 1745 3877 appensa
1771 3793 1870 3878 Apud
1894 3793 2054 3861 abirdene

692 3897 841 3964 secundo
870 3895 924 3963 die
954 3894 1082 3960 mensis
1115 3893 1231 3979 aprilis
1267 3895 1367 3959 Anno
1396 3893 1524 3960 domini
1562 3893 1743 3960 millesimo
1780 3893 2054 3982 quingentesimo

690 3988 855 4086 vigesimo
885 3995 1030 4084 septimo
1060 4017 1174 4063 coram
1204 3995 1349 4062 testibus
1378 3995 1528 4082 prouidis
1557 3995 1637 4062 viris
1666 3997 1769 4063 dauid
1799 3998 1889 4065 lame
1926 4001 2054 4066 andrea

691 4104 847 4171 craulurd
873 4101 1009 4168 iuniore
1036 4101 1162 4166 andrea
1192 4099 1291 4183 durty
1317 4097 1498 4165 alexandro
1528 4097 1596 4183 hay
1619 4098 1720 4164 dauid
1750 4119 1887 4186 murray
1910 4101 2054 4186 burgen-

691 4207 785 4274 sibus
800 4207 841 4274 de
857 4203 1015 4272 abirdene
1030 4201 1133 4269 dauid
1149 4201 1276 4268 heroun
1290 4199 1467 4285 sergiando
1483 4209 1516 4266 et
1533 4199 1695 4286 magistro
1713 4201 1841 4267 Ioanne
1853 4201 2054 4270 nicholsone

691 4311 823 4380 notario
860 4309 994 4398 publico
1031 4329 1108 4374 cum
1142 4305 1286 4373 diuersis
1319 4305 1396 4392 alijs
1430 4308 1473 4372 ad
1508 4305 1672 4390 premissa
1702 4305 1832 4372 vocatis
1862 4305 1988 4392 pariter
2017 4317 2053 4373 et

691 4418 818 4504 rogatis
