4472 5992
671 1541 925 1620 TABULA
972 1541 1191 1622 RERUM

465 1815 494 1881 I.
518 1813 571 1880 De
597 1808 719 1896 legatis
744 1829 765 1878 a
793 1807 880 1878 Iulio
910 1811 1055 1880 Caesare
1085 1809 1199 1882 missis
1228 1814 1271 1882 ad
1302 1813 1479 1882 Scotorum

601 1935 698 2000 reges
727 1922 761 1981 et
791 1911 963 1984 Pictorum

448 2023 493 2089 II.
518 2023 570 2087 De
592 2017 763 2106 responsis
780 2039 895 2086 eorum
912 2039 1029 2105 regum
1048 2019 1246 2090 litteratorie
1265 2021 1353 2090 Iulio
1367 2022 1481 2092 missis

425 2127 492 2194 III.
516 2123 621 2210 Regis
662 2123 813 2192 Eduardi
852 2123 1063 2194 renunciatio
1104 2125 1350 2214 superioritatis
1385 2129 1479 2214 regni

600 2227 747 2298 Scotiae.
793 2229 878 2312 1328

429 2337 490 2404 IV.
514 2333 620 2421 Copia
635 2333 768 2402 litterae
782 2333 894 2420 regiae
905 2335 946 2402 de
962 2333 1191 2420 redemptione
1206 2345 1383 2404 costumas
1395 2335 1477 2404 salis

598 2449 632 2508 et
652 2437 790 2526 pellium
809 2459 991 2508 concessae
1011 2461 1070 2526 per
1090 2441 1251 2510 Iacobum
1270 2441 1476 2510 Secundum.

601 2561 683 2630 1452

446 2650 490 2715 V.
514 2646 646 2716 Littera
661 2645 854 2716 donationis
869 2655 1034 2714 terrarum
1050 2649 1092 2716 de
1104 2649 1233 2736 Crovys
1244 2671 1303 2737 per
1315 2651 1477 2720 Iacobum

599 2749 765 2830 Tertium,
782 2752 962 2820 Scotorum
978 2773 1104 2838 regem.
1151 2755 1234 2839 1465
1270 2801 1278 2822 .
1368 2803 1376 2822 .
1466 2804 1476 2823 .

426 2857 489 2924 VI.
514 2857 783 2924 Instrumentum
810 2857 852 2923 de
880 2855 1061 2924 traditione
1085 2855 1220 2926 sasinae
1244 2866 1409 2927 terrarum
1435 2861 1478 2927 da

597 2959 695 3030 Crois
727 2959 762 3028 in
800 2960 1090 3030 confirmationem
1124 2961 1213 3050 regis
1245 2972 1279 3032 et
1311 2961 1476 3033 intertum.

598 3067 682 3151 1466
1124 3107 1128 3116 ·

404 3173 487 3240 VII.
510 3171 670 3240 Venditio
684 3180 849 3240 terrarum
865 3173 906 3240 de
922 3172 1030 3242 Crois.
1077 3189 1161 3259 1459
1270 3221 1279 3240 .
1369 3223 1378 3240 .
1467 3222 1476 3240 .

282 3301 288 3312 ·
383 3277 485 3344 VIII.
510 3275 732 3345 Confirmatio
761 3274 850 3362 regis
879 3275 971 3344 facta
1002 3275 1147 3344 Iohanni
1179 3277 1372 3344 Banerman
1401 3277 1476 3346 bur-

592 3381 689 3468 gensi
704 3382 746 3449 de
760 3382 934 3450 Aberdena
949 3401 1050 3466 super
1063 3390 1171 3449 terras
1185 3383 1228 3450 de
1243 3381 1363 3450 Croffis
1465 3428 1475 3447 .

424 3489 486 3554 IX.
510 3486 734 3556 Enumeratio
749 3486 912 3554 ecclesiae
930 3487 1189 3556 benefactorum.
1236 3489 1375 3572 134o·62
1465 3536 1473 3554 .

440 3593 484 3660 X.
508 3593 612 3661 Carta
626 3590 793 3662 WiIlelmi
808 3591 954 3660 Scherar
967 3591 1048 3659 olim
1067 3589 1228 3678 prepositi
1243 3593 1284 3660 de
1299 3591 1474 3660 Aberdene

507 3697 725 3783 Fragmenta,
741 3697 833 3763 A-I
872 3741 1471 3763 .......

417 3803 480 3868 XI.
505 3799 841 3870 FundatioThomae
853 3803 934 3868 Prat
949 3803 992 3870 ad
1004 3799 1111 3868 altare
1123 3801 1307 3868 Beatorum
1319 3799 1474 3867 Thomae

593 3904 737 3993 apostoli
753 3915 786 3974 et
803 3905 940 3992 Georgii
956 3904 1125 3992 martyris.
1172 3925 1254 3991 1491
1364 3952 1373 3971 .
1462 3953 1471 3970 .

400 4010 484 4077 XII.
508 4007 678 4078 Fundatio
693 4009 811 4078 altaris
829 4012 1032 4079 Sanctorum
1053 4008 1200 4095 Crispini
1218 4018 1253 4077 et
1268 4006 1472 4096 crispiniani

592 4135 613 4181 a
629 4113 781 4182 Iohanne
797 4115 919 4182 Stolter
971 4159 1471 4181 ......

377 4219 481 4286 XIII.
505 4217 676 4286 Fundatio
707 4219 825 4287 altaris
854 4221 1058 4288 Sanctorum
1088 4217 1243 4286 'rhomae
1268 4214 1422 4304 apostoli⁸
1437 4224 1471 4283 et

591 4323 728 4410 Georgii
751 4325 911 4412 martyris
933 4347 954 4393 a
976 4323 1111 4391 Thoma
1135 4324 1215 4391 Prat
1263 4370 1272 4388 .
1362 4369 1371 4388 .
1459 4367 1468 4386 .
1563 4317 1600 4384 '.

385 4429 481 4494 XIV.
506 4427 632 4495 Altaris
647 4431 794 4498 Sanctae
810 4429 929 4500 Crucis
945 4437 1142 4516 apparatus.
1189 4427 1273 4514 1498
1362 4473 1370 4492 .
1460 4473 1469 4491 .
1563 4423 1600 4490 ⁸.

404 4535 480 4599 XV.
504 4532 613 4619 Copia
641 4543 755 4601 cartae
784 4533 992 4602 fundationis
1021 4531 1139 4601 altaris
1172 4528 1290 4599 Sancti
1321 4526 1468 4596 Niniani.

1540 1765 1611 1805 Pac!

1589 2046 1609 2096 2
