4488 5996
479 683 686 770 Confimustio
707 683 816 750 loculi
837 683 953 794 luatur
975 685 1011 750 de
1034 691 1116 752 brea
1137 685 1366 772 capellanum
1539 689 1601 773 265

245 855 326 943 dictj
351 856 444 943 chori
469 859 510 924 de
533 879 691 942 suprema
714 857 850 924 domina
876 868 992 926 nostra
1005 857 1129 943 ,regina
1152 881 1230 926 curn
1255 859 1326 926 suis
1352 855 1602 929 successoribus

245 964 381 1050 regibus
403 985 463 1030 seu
486 963 612 1048 reginis
627 963 733 1030 scotie
755 965 790 1030 in
812 965 909 1031 icodo
932 975 965 1031 et
989 965 1175 1032 hereditate
1198 987 1237 1032 ac
1261 967 1295 1030 in
1319 966 1422 1032 libero
1441 967 1602 1052 burgagio

243 1068 322 1136 inde
340 1069 588 1154 imperpetuum
608 1089 685 1136 cum
709 1069 800 1154 omnj
824 1071 901 1135 lure
924 1079 957 1136 et
982 1071 1202 1137 lurisclameo
1224 1069 1324 1137 titulo
1344 1071 1548 1155 proprietate
1569 1081 1602 1137 et

244 1173 458 1258 possessione
473 1193 513 1240 ac
529 1195 607 1240 cum
623 1173 781 1242 omnibus
792 1174 868 1241 aliis
880 1184 913 1240 et
925 1175 1068 1259 singulis
1080 1175 1291 1242 libertatibus
1307 1175 1603 1242 commoditatibus

246 1288 279 1344 et
295 1277 494 1346 asiamentis
506 1299 546 1344 ac
560 1279 664 1345 Iustis
675 1279 746 1344 suis
761 1279 974 1364 pertinentiis
986 1280 1097 1363 quiete
1109 1280 1258 1366 plenarie
1271 1281 1407 1364 Integre
1422 1282 1506 1348 bene
1522 1291 1555 1347 et
1568 1279 1602 1346 in

243 1404 328 1468 pace
344 1382 416 1450 sine
431 1383 674 1468 impedimento
689 1384 864 1450 obstaculo
880 1393 939 1450 aut
954 1384 1169 1451 reuocatione
1181 1384 1435 1470 quibuscunque
1451 1387 1603 1472 QUAM·

245 1487 414 1554 OBREM
439 1488 520 1573 dictj
545 1499 683 1555 curatus
705 1499 739 1554 et
763 1489 927 1574 capellanj
953 1499 986 1554 et
1009 1505 1124 1555 eorum
1149 1509 1362 1556 successores
1386 1489 1602 1554 celebrabunt

245 1603 303 1658 aut
327 1592 496 1660 celebrare
518 1593 642 1659 facient
668 1615 770 1660 vnarn
797 1593 935 1660 missam
961 1615 1022 1680 pro
1049 1595 1158 1660 salute
1184 1594 1297 1660 anime
1324 1601 1601 1678 meeparentum

244 1705 277 1762 et
293 1696 544 1764 benefactorum
566 1719 717 1764 meorum
732 1707 772 1764 ¹et
793 1697 944 1764 omniurn
966 1697 1115 1764 fidelium
1131 1697 1364 1764 defunctorum
1386 1699 1475 1782 apud
1496 1697 1602 1763 altare

244 1799 353 1886 sanctj
369 1799 508 1887 martinj
525 1801 753 1869 infradictam
772 1801 951 1868 ecclesiam
973 1801 1137 1868 situatum
1153 1801 1188 1866 in
1204 1801 1258 1868 die
1273 1800 1442 1868 dominico
1459 1799 1602 1884 singulis

245 1905 466 1972 hebdomadis
491 1906 738 1992 imperpetuum
763 1907 813 1972 Ac
839 1905 941 1974 etiam
969 1905 1123 1974 iaciendo
1145 1905 1223 1973 inde
1246 1905 1422 1972 annuatim
1447 1925 1602 1988 supreme
1686 1893 1687 1896 ¹

244 2018 359 2076 nostre
380 2009 495 2094 regine
518 2020 551 2076 et
575 2011 646 2077 suis
669 2009 920 2078 successoribus
943 2009 1117 2077 seruitium
1141 2008 1340 2094 burgagium
1356 2008 1433 2076 inde
1451 2007 1601 2075 debitum

244 2122 279 2178 et
295 2123 494 2180 consuetum
516 2123 650 2180 tantum
674 2136 733 2199 pro
756 2115 847 2200 omnj
866 2115 932 2181 alio
948 2137 1048 2182 onere
1064 2124 1096 2181 et
1113 2114 1251 2181 seruitio
1267 2115 1408 2199 secularj
1427 2113 1602 2197 exactione

246 2236 306 2281 seu
322 2217 490 2282 demanda
505 2237 570 2300 que
586 2219 627 2284 de
642 2217 792 2302 predicto
808 2239 921 2286 annuo
940 2217 1071 2284 redditu
1095 2239 1172 2284 cum
1196 2217 1409 2303 pertinentiis
1424 2219 1465 2284 de
1480 2225 1553 2283 tota
1569 2226 1602 2283 et

246 2318 377 2404 integra
399 2329 489 2387 terra
516 2341 592 2388 mea
618 2343 696 2388 cum
723 2323 821 2389 horto
847 2323 997 2390 eiusdem
1026 2322 1263 2408 suprascriptis
1286 2319 1603 2406 compertinentiis

245 2423 383 2508 prelatis
403 2433 521 2492 curato
540 2434 573 2492 et
592 2422 777 2509 capellanis
800 2435 834 2492 et
857 2427 1038 2492 eomndem
1060 2425 1311 2492 successoribus
1334 2424 1368 2489 in
1384 2423 1549 2490 omnibus
1569 2431 1602 2489 et

246 2547 306 2610 per
327 2525 442 2594 onmia
463 2527 572 2594 torma
596 2537 630 2594 et
653 2528 774 2594 effectu
799 2537 836 2594 vt
862 2528 1065 2614 premissum
1092 2537 1144 2594 est
1167 2537 1285 2619 contra
1308 2547 1426 2592 omnes
1441 2525 1603 2593 mortales

246 2627 533 2696 varentizabimus
563 2629 831 2714 acquietabimus
857 2639 890 2696 et
920 2629 1168 2715 imperpetuum
1198 2629 1417 2696 defendemus
1446 2628 1603 2696 omnibus

246 2731 323 2797 dolo
346 2739 380 2797 et
402 2731 518 2798 fraude
541 2731 683 2799 seclusis
707 2733 747 2821 In
770 2732 867 2800 cuius
890 2733 937 2818 rej
962 2731 1196 2800 testimonium
1221 2731 1369 2817 sigillum
1394 2753 1507 2798 meum
1529 2753 1602 2817 pro·

247 2833 357 2917 prium
373 2833 451 2900 huic
467 2835 615 2921 presentj
633 2835 749 2902 charte
767 2834 974 2902 fundationis
997 2857 1071 2902 mee
1094 2835 1340 2919 subscriptione
1359 2857 1436 2901 mea
1452 2835 1601 2920 manualj

224 2935 435 3021 ,subscripte
461 2937 609 3022 sigillum
637 2959 749 3004 meum
776 2937 947 3023 proprium
974 2959 1106 3004 necnon
1132 2937 1280 3023 sigillum
1307 2937 1513 3005 honorabilis
1539 2938 1600 3023 virj

245 3038 377 3124 gilbertj
396 3039 569 3124 malysone
584 3039 683 3106 unius
704 3039 904 3106 balliuorum
928 3039 1008 3124 dictj
1026 3039 1121 3126 burgj
1142 3061 1182 3108 ac
1205 3041 1331 3107 datoris
1354 3039 1467 3108 sasine
1489 3041 1603 3108 huius·

246 3141 336 3226 modj
354 3151 433 3208 sunt
453 3161 604 3228 appensa
621 3143 720 3227 Apud
739 3142 897 3209 abirdene
912 3141 1076 3227 vigesimo
1098 3143 1246 3210 seeundo
1269 3141 1323 3208 die
1346 3142 1473 3209 mensis
1488 3142 1603 3228 aprilis

246 3263 336 3310 anno
367 3244 494 3329 dominj
526 3243 706 3312 millesimo
736 3243 1006 3330 quingentesimo
1036 3243 1314 3330 quinquagesimo
1343 3245 1449 3312 tercio
1479 3247 1602 3314 Coram

246 3347 390 3414 testibus
420 3349 610 3415 Alexandro
643 3348 818 3433 malysone
855 3349 980 3415 andrea
1017 3347 1131 3432 herwy
1160 3347 1341 3414 alexandro
1371 3349 1436 3433 kay
1466 3347 1603 3416 hemico

246 3449 374 3536 nachty
398 3449 558 3516 vilhelmo
589 3451 726 3535 barclay
750 3471 817 3516 vno
848 3450 1102 3535 sergiandorum
1132 3448 1212 3534 dictj
1245 3450 1340 3534 burgj
1372 3459 1405 3516 et
1437 3451 1616 3536 Magistro·

248 3552 399 3620 Iohanne
420 3552 574 3638 kennedy
595 3552 705 3620 scriba
726 3553 896 3637 communj
920 3551 1069 3618 eiusdem
1091 3550 1187 3636 burgi
1208 3573 1285 3618 cum
1306 3551 1449 3620 diuersis
1469 3553 1544 3620 aliis

378 3689 569 3756 Concordat
592 3689 736 3756 Presens
757 3689 863 3774 Copia
884 3709 961 3754 cum
983 3687 1159 3774 principali
1181 3697 1275 3755 carta
1298 3687 1521 3756 collacionata
1544 3713 1603 3776 per

371 3811 431 3856 me
447 3789 804 3876 notariumpublicum
823 3789 1050 3876 subscriptum

464 3893 586 3960 Itaest
602 3891 764 3978 magister
787 3893 958 3960 Iohannes
974 3893 1128 3978 kennedy
1143 3891 1253 3960 scriba
1274 3894 1369 3978 bur·
1387 3895 1428 3960 de
1444 3895 1601 3964 abirdene

550 3997 600 4063 Ac
615 3995 768 4062 notarius
782 3995 937 4082 publicus
949 4013 1052 4063 manu
1068 3993 1201 4080 propria

680 4315 690 4334 „
843 4256 1003 4324 CXXIX.

480 4377 687 4463 Confirmatio
708 4377 817 4444 lacobi
837 4377 953 4444 huntur
974 4377 1010 4444 de
1033 4383 1116 4442 urra
1136 4375 1365 4462 capellanorum

332 4499 520 4567 MNIBUS
542 4499 631 4565 hanc
654 4507 782 4565 cartam
806 4497 939 4564 Visuris
959 4498 1013 4564 vel
1037 4497 1201 4564 audituris
1219 4495 1364 4565 vicarius
1382 4509 1415 4566 et
1434 4499 1599 4584 capellanj
1622 4515 1742 4598 ῐοιῖιοῖι

373 4601 466 4670 chori
490 4602 631 4670 ecclesie
653 4601 873 4688 parrochialis
896 4603 965 4670 diui
989 4601 1110 4687 nicolaj
1136 4603 1177 4668 de
1203 4603 1360 4671 abirdene
1387 4613 1539 4673 eternam
1566 4603 1601 4672 in

895 4707 941 4758 LL
