4490 5990
660 679 722 744 126
1112 678 1272 743 Fundalio
1294 667 1402 763 Iacobj
1425 679 1566 744 Colr'som
1660 679 1663 684 ’

657 851 748 916 bona
769 845 882 916 minus
906 851 1001 916 inste
1023 849 1125 935 habuj
1143 859 1177 917 et
1192 857 1351 917 notanter
1372 867 1432 936 pro
1451 850 1565 918 anima
1580 849 1708 916 domini
1724 851 1848 918 andree
1862 849 2014 917 collsoun

656 951 771 1021 fratris
785 954 852 1021 mei
867 951 1018 1040 germani
1034 973 1074 1022 ac
1090 954 1269 1022 animabus
1289 953 1441 1022 omnium
1459 955 1610 1022 fidelium
1626 955 1860 1022 defunctorum
1882 952 2016 1020 dedisoe

658 1059 867 1127 concessisse
893 1070 926 1128 et
951 1059 1015 1127 hac
1041 1059 1189 1146 presenti
1216 1069 1311 1128 carta
1336 1079 1414 1128 mea
1434 1061 1654 1128 confirmasse
1681 1059 1835 1127 Prouidis
1862 1055 2015 1125 discretis

656 1163 738 1230 viris
764 1165 891 1234 Curato
917 1174 951 1232 et
978 1164 1163 1250 capellanis
1193 1163 1286 1232 chori
1313 1163 1456 1232 ecclesie
1485 1163 1689 1252 parochialis
1714 1163 1784 1232 diui
1811 1161 1945 1247 nicolaii
1974 1165 2015 1230 de

657 1267 816 1336 abirdene
830 1269 938 1338 Totos
950 1279 984 1336 et
995 1269 1145 1356 integros
1160 1289 1293 1338 annuos
1306 1270 1458 1338 redditus
1471 1289 1565 1338 meos
1577 1268 1785 1355 subscriptos
1797 1286 1838 1334 ex
1848 1287 1926 1334 meo
1940 1287 2015 1354 pro·

657 1374 729 1461 prio
744 1385 931 1461 conquestu
946 1385 1164 1462 recuperatos
1184 1375 1340 1444 videlicet
1362 1395 1467 1442 vnum
1486 1395 1637 1443 annuum
1653 1374 1821 1442 redditum
1836 1371 2014 1440 duodecim

657 1479 841 1548 solidorum
856 1479 986 1548 usualis
1007 1489 1143 1548 monete
1165 1481 1271 1548 scotie
1294 1481 1471 1550 annuatim
1494 1479 1665 1548 exiuntem
1684 1481 1726 1547 de
1741 1489 1817 1546 toto
1834 1489 1868 1545 et
1883 1477 2015 1563 integro

656 1593 852 1651 tenemento
877 1587 1047 1670 quondam
1074 1585 1176 1653 dauid
1206 1587 1393 1653 adamsoun
1423 1585 1600 1672 burgensis
1624 1585 1666 1652 de
1692 1584 1850 1652 abirdene
1878 1585 2015 1651 Iacente

657 1685 743 1754 inira
758 1688 886 1755 dictum
910 1689 1052 1774 burgum
1071 1687 1106 1754 in
1121 1687 1196 1755 vico
1217 1689 1387 1756 furcarum
1403 1709 1444 1755 ex
1459 1687 1613 1754 orientali
1635 1696 1732 1772 parte
1754 1686 1905 1755 eiusdem
1926 1685 2016 1752 inter

656 1797 781 1856 terram
812 1791 982 1876 quondam
1015 1789 1178 1858 Iohannis
1208 1799 1318 1856 stuart
1348 1789 1524 1876 burgensis
1549 1791 1590 1858 de
1617 1789 1773 1857 abirdene
1804 1810 1845 1856 ex
1874 1787 2014 1855 australi

658 1914 699 1959 ex
713 1913 779 1961 vna
795 1903 828 1960 et
844 1884 977 1960 terram¹
994 1893 1158 1960 Iohannis
1182 1893 1324 1961 Cullane
1347 1915 1387 1960 ex
1410 1893 1535 1960 boreali
1558 1891 1711 1982 partibus
1733 1895 1776 1960 ab
1799 1891 1906 1960 altera
1923 1913 2013 1960 com-

658 2017 795 2064 munem
810 1995 901 2065 viam
917 1997 1044 2084 regiam
1060 2018 1177 2065 versus
1196 1997 1354 2066 occidens
1377 2009 1410 2066 et
1433 1999 1639 2066 territorium
1663 1997 1877 2066 orientalium
1893 1997 2013 2066 crofto·

655 2123 730 2170 rum
754 2103 835 2170 dicti
858 2103 954 2190 burgi
976 2125 1094 2172 versus
1116 2103 1228 2170 oriens
1254 2103 1369 2172 Vnum
1394 2126 1545 2172 annuum
1573 2103 1741 2171 redditum
1768 2105 1911 2170 duorum
1935 2103 2013 2169 soli·

656 2207 774 2274 dorum
805 2195 955 2274 eiusdem
992 2217 1126 2274 monete
1164 2207 1340 2275 annuatim
1378 2208 1549 2276 exiuntem
1580 2211 1621 2276 de
1651 2207 1782 2294 integro
1818 2217 2013 2274 tenemento

658 2309 822 2378 iohannis
844 2311 939 2398 piper
961 2311 1047 2378 alias
1070 2303 1208 2400 cu'ming
1232 2313 1369 2380 iacente
1392 2315 1509 2380 eodem
1532 2313 1607 2380 vico
1630 2335 1670 2380 ex
1693 2311 1894 2379 occidentali
1916 2319 2013 2396 parte

656 2415 807 2483 eiusdem
831 2415 919 2482 inter
939 2425 1062 2483 terram
1087 2417 1257 2484 duncanni
1281 2417 1470 2486 andersoun
1493 2417 1578 2485 alias
1601 2419 1739 2502 Wandy
1760 2437 1801 2482 ex
1823 2413 1949 2484 boreali
1972 2437 2012 2480 ex

655 2539 722 2586 vna
738 2530 770 2588 et
786 2529 911 2588 terram
933 2519 1097 2588 Iohannis
1112 2521 1183 2589 reid
1198 2543 1239 2588 ex
1257 2523 1398 2590 australi
1419 2521 1571 2609 partibus
1591 2520 1634 2589 ab
1655 2521 1761 2590 altera
1776 2521 1890 2588 Vnum
1906 2517 2011 2587 alium

656 2638 807 2691 annuum
822 2623 990 2691 redditum
1007 2627 1149 2700 duorum
1171 2625 1353 2694 solidorum
1378 2627 1419 2694 de
1441 2635 1514 2694 toto
1536 2633 1731 2694 tenemento
1753 2623 1834 2691 olim
1858 2623 2012 2710 magistri

654 2731 778 2796 andree
802 2739 917 2815 porter
943 2731 1080 2798 iacente
1098 2721 1145 2798 ‘ex
1167 2733 1285 2800 eadem
1310 2741 1406 2820 parte
1430 2731 1511 2800 dicti
1535 2731 1601 2800 vici
1626 2731 1715 2798 inter
1738 2741 1864 2798 terram
1888 2731 2012 2796 andree

655 2841 811 2900 stratoun
836 2853 878 2900 ex
901 2833 1026 2902 boreali
1047 2855 1088 2901 ex
1107 2853 1174 2902 vna
1197 2843 1230 2902 et
1250 2845 1378 2902 tetram
1403 2835 1484 2902 olim
1507 2834 1633 2924 georgii
1657 2833 1783 2902 saidlar
1808 2853 1849 2900 ex
1871 2831 2011 2900 australi

654 2938 806 3024 partibus
826 2941 869 3007 ab
889 2939 996 3007 altera
1018 2939 1120 3006 illem
1141 2939 1249 3007 eciam
1272 2961 1424 3008 annuum
1445 2939 1614 3008 redditum
1636 2961 1749 3008 meum
1770 2941 1912 3006 duorum
1934 2937 2010 3005 soli·

654 3046 773 3112 dorum
796 3047 838 3112 de
860 3053 934 3112 toto
959 3053 993 3112 et
1020 3043 1151 3132 integio
1181 3053 1376 3114 tenemento
1403 3045 1483 3114 olim
1510 3045 1677 3116 Willelmi
1703 3045 1785 3114 beiti
1812 3047 1950 3112 Iacente
1975 3043 2011 3109 in

652 3149 728 3216 vico
750 3149 785 3236 ly
800 3149 992 3217 schuilhille
1011 3151 1194 3237 vulgariter
1213 3153 1384 3238 appellato
1405 3153 1493 3219 inter
1512 3161 1637 3220 terram
1657 3152 1819 3218 heredum
1840 3150 2010 3235 quondam

653 3254 770 3322 thome
785 3253 950 3321 meldrum
966 3275 1008 3321 ex
1022 3255 1177 3322 orientali
1193 3277 1234 3322 ex
1248 3277 1315 3324 vna
1330 3265 1363 3325 et
1379 3259 1504 3323 terrain
1520 3257 1681 3324 heredum
1701 3255 1871 3340 quondam
1887 3255 2011 3320 andree

654 3357 850 3427 sterinsoun
873 3381 914 3426 ex
936 3359 1137 3428 occidentali
1160 3361 1312 3446 partibus
1336 3363 1378 3430 ab
1401 3363 1508 3430 altera
1531 3363 1578 3428 Et
1604 3361 1700 3428 illum
1727 3360 1832 3428 alium
1858 3379 2009 3426 annuum

652 3463 820 3531 redditum
836 3484 951 3531 meum
967 3467 1109 3532 duorum
1125 3463 1308 3533 solidorum
1325 3466 1495 3534 exiuntcm
1510 3465 1667 3534 similiter
1678 3467 1719 3534 de
1730 3473 1804 3534 toto
1815 3473 2011 3532 tenemento

653 3567 788 3655 nicolaij
808 3570 926 3636 baxter
949 3570 1087 3636 iacente
1109 3569 1195 3638 infra
1218 3569 1346 3638 dictum
1369 3571 1512 3658 burgum
1535 3570 1570 3637 in
1593 3569 1668 3638 vico
1691 3569 1846 3636 inferiore
1868 3567 2010 3636 ecclesie

653 3672 741 3742 inter
766 3682 890 3742 terram
917 3673 1064 3742 duncrni
1090 3673 1206 3760 gilrsy
1226 3695 1267 3742 ex
1289 3673 1445 3742 orientali
1470 3696 1513 3745 ex
1537 3695 1605 3744 vna
1629 3683 1664 3744 et
1690 3683 1815 3742 terram
1838 3673 2018 3762 quondam

653 3777 807 3864 magistri
825 3778 990 3846 Iohannis
1012 3780 1247 3854 banzenaucht
1261 3779 1377 3866 vicarij
1394 3781 1435 3848 de
1450 3801 1568 3867 gemry
1582 3799 1624 3848 ex
1640 3778 1842 3848 occidentali
1855 3777 2010 3864 partibus

650 3884 696 3952 ab
718 3883 825 3952 altera
846 3883 1111 3956 TENENDOS
1134 3895 1168 3954 et
1191 3885 1364 3956 habendos
1378 3895 1470 3956 totos
1485 3896 1519 3954 et
1534 3886 1684 3972 integros
1704 3905 1837 3954 annuos
1857 3883 2010 3954 redditis

652 3987 900 4073 suprascriptos
914 4009 992 4056 cum
1008 3989 1225 4074 pertinenciis
1240 3991 1378 4078 prefatis
1393 3993 1521 4062 Curato
1531 4000 1565 4060 et
1577 3990 1762 4077 capellanis
1773 4011 1813 4060 ac
1824 3991 2008 4060 eorundem

649 4091 905 4162 successoribus
926 4094 1111 4179 capellanis
1131 4095 1213 4164 dieti
1235 4095 1330 4164 chori
1345 4117 1366 4164 a
1381 4117 1436 4164 me
1450 4107 1484 4164 et
1500 4097 1680 4166 heredibus
1694 4095 1779 4164 meis
1793 4097 1836 4163 de
1851 4115 2008 4180 supremo

651 4197 790 4266 domino
821 4207 938 4266 nostro
970 4219 1051 4285 rege
1081 4209 1118 4268 et
1146 4199 1217 4271 suis
1247 4202 1498 4270 successoribus
1527 4199 1562 4268 in
1592 4221 1711 4286 puram
1740 4209 1775 4270 ct
1810 4207 2007 4284 perpetuam

651 4300 872 4372 elemosinam
889 4303 1143 4389 imperpetuum
1159 4325 1237 4372 cum
1253 4305 1345 4372 omni
1363 4308 1440 4373 Iure
1454 4315 1489 4373 et
1506 4305 1594 4372 Iuris
1609 4305 1739 4373 clameo
1755 4302 1959 4390 proprietate
1973 4309 2008 4368 et

651 4405 865 4489 possessione
879 4427 921 4476 ac
935 4407 1093 4476 omnibus
1111 4408 1187 4476 aliis
1209 4417 1243 4478 et
1266 4408 1407 4496 singulis
1428 4409 1639 4478 libertatibus
1654 4407 1953 4478 commoditatibus
1967 4427 2008 4474 ac

651 4509 751 4586 iustis
773 4513 956 4580 eorundem
980 4512 1197 4597 pertinenciis
1219 4513 1475 4598 quibuscunque
1497 4515 1540 4582 ad
1563 4513 1674 4584 dictos
1700 4530 1832 4583 annuos
1856 4511 2008 4580 redditos

651 4615 884 4700 nemetim
911 4637 970 4686 seu
1000 4615 1088 4686 teste
1114 4626 1267 4706 spectare
1296 4618 1488 4726 valentilms
1515 4617 1767 4702 quomodolibet
1796 4616 1833 4688 ic
1855 4617 2007 4688 laturum
