4472 5992
615 657 658 740 46
1095 649 1192 720 Carne
1217 650 1370 720 Wiuebni
1390 649 1507 718 Funus

614 826 723 896 laicus
744 825 961 894 Indubitatus
981 823 1166 910 capellanie
1188 822 1297 892 sancti
1319 821 1458 908 Ninianj
1484 821 1519 888 in
1540 819 1684 889 ecclesia
1701 817 1792 890 beati
1814 817 1973 903 nicholaij

614 933 657 1001 de
687 931 855 1000 Abirdene
885 929 1009 998 situate
1041 928 1269 998 Reuerencias
1295 937 1328 996 et
1359 929 1504 996 honores
1530 926 1619 1014 Quia
1648 923 1872 1010 capellaniam
1902 944 1976 1009 per·

615 1045 753 1120 petuam
776 1034 963 1121 predictam
984 1037 1026 1102 de
1048 1037 1125 1102 Iure
1145 1043 1179 1102 et
1199 1035 1241 1102 de
1260 1033 1352 1100 facto
1373 1043 1552 1102 vacantem
1573 1053 1633 1119 per
1651 1031 1781 1100 obitum
1804 1031 1975 1116 quondam

615 1139 743 1208 domini
779 1139 942 1210 Iohannis
972 1141 1122 1208 Chamar
1151 1149 1210 1208 aut
1244 1139 1330 1208 alias
1366 1149 1545 1208 vacantem
1578 1136 1690 1206 vltimi
1715 1147 1750 1206 et
1781 1135 1976 1204 Immediati

615 1246 685 1314 veri
712 1267 752 1314 ac
782 1249 876 1315 Iuste
903 1247 1108 1333 possessoris
1133 1247 1284 1314 eiusdem
1314 1247 1395 1314 dum
1425 1246 1555 1314 uixerat
1584 1245 1759 1313 dominum
1787 1244 1975 1312 Iohannem

616 1353 706 1420 Blak
734 1351 957 1439 presbiterum
986 1351 1230 1420 Abirdonensis
1256 1351 1429 1420 dioceseos
1458 1349 1568 1419 eidem
1594 1348 1746 1435 priuitati
1768 1358 1828 1418 aut
1850 1347 1977 1416 vicario

615 1457 765 1543 generali
794 1457 945 1526 eiusdem
966 1457 1151 1544 priuitntis
1185 1456 1394 1544 presentium
1428 1465 1545 1524 tenore
1579 1455 1694 1524 animo
1723 1475 1791 1522 non
1823 1452 1974 1538 variandj

503 1616 505 1622 .
616 1586 694 1632 cum
721 1563 916 1632 omnimodo
940 1567 1018 1632 Iure
1044 1563 1148 1632 michi
1174 1573 1351 1650 spectante
1374 1564 1560 1632 secundum
1583 1571 1737 1630 tenorem
1763 1559 1977 1628 fundacionis

616 1669 767 1738 eiusdem
798 1669 984 1756 capellanie
1014 1679 1209 1755 presentato
1233 1670 1375 1738 eandem
1400 1667 1598 1754 priuitatem
1623 1665 1745 1734 humili
1767 1665 1976 1733 exortatione

618 1777 783 1861 Rogando
809 1783 978 1862 quatenus
1007 1777 1149 1844 eandem
1179 1775 1413 1861 capellaniam
1440 1774 1531 1842 dicto
1560 1772 1698 1842 domino
1728 1771 1874 1840 Iohanni
1901 1791 1977 1838 meo

496 1925 497 1928 =
617 1888 811 1965 presentato
833 1901 911 1948 cum
934 1881 1033 1950 firma
1051 1881 1160 1948 eidem
1176 1881 1373 1966 Capellanie
1392 1901 1525 1948 annexa
1544 1880 1585 1947 de
1606 1879 1638 1946 le
1660 1878 1744 1965 perk
1763 1879 1805 1946 de
1825 1878 1977 1944 dwmme

616 1986 734 2052 decem
750 2005 940 2052 mercatum
956 1983 1098 2071 singulis
1109 1985 1209 2054 annis
1223 1995 1257 2054 et
1273 1985 1382 2054 solitis
1397 1985 1614 2072 pertinenciis
1629 1985 1780 2052 eiusdem
1796 1983 1977 2052 conferatis

616 2108 657 2156 ac
673 2088 736 2158 sibi
751 2091 794 2156 de
809 2091 927 2158 eadem
943 2091 1041 2158 firma
1056 2101 1090 2158 et
1107 2089 1275 2158 uniuersis
1290 2091 1507 2176 pertinenciis
1528 2089 1679 2158 eiusdem
1702 2088 1889 2175 capellanie
1905 2109 1977 2174 pre·

617 2193 707 2262 dicte
733 2193 821 2262 sicut
846 2193 898 2262 sui
920 2197 1175 2281 predecessores
1201 2198 1320 2264 eadem
1345 2197 1538 2282 gaudebant
1568 2203 1731 2281 perpetuo
1756 2195 1910 2262 iacienda
1937 2213 1977 2260 ac

617 2307 730 2366 cetera
746 2298 813 2367 alia
828 2309 862 2366 et
879 2299 1012 2385 singula
1028 2300 1092 2369 sibi
1107 2300 1261 2368 iacienda
1276 2323 1341 2385 que
1356 2323 1397 2368 ex
1411 2309 1524 2368 vestro
1539 2289 1826 2392 officia'pastorali
1842 2301 1977 2364 Incum-

618 2407 701 2472 bunt
721 2407 854 2491 agenda
875 2407 916 2472 In
932 2406 1038 2474 Cuius
1060 2407 1123 2474 Rei
1137 2407 1371 2476 testimonium
1387 2406 1536 2493 sigillum
1552 2427 1665 2474 meum
1688 2402 1903 2491 presentibus
1925 2410 1977 2468 est

617 2531 805 2596 appensum
828 2513 918 2596 apud
941 2513 1039 2580 drum
1060 2533 1150 2580 nono
1173 2512 1228 2580 die
1242 2512 1380 2580 mensis
1407 2513 1495 2598 Iunij
1523 2513 1622 2580 Anno
1645 2509 1773 2580 domini
1796 2506 1977 2576 millesimo

618 2615 951 2702 quadringentesimo
988 2617 1211 2703 nonagesimo
1246 2603 1364 2703 quinto
1397 2621 1521 2687 Coram
1551 2618 1618 2684 hiis
1647 2617 1792 2684 testibus
1825 2615 1978 2682 Iohanne

618 2721 731 2896 {hene
750 2722 895 2808 gilberto
916 2725 1005 2791 Ross
1025 2733 1059 2791 et
1074 2725 1250 2793 Willelmo
1266 2725 1368 2793 Clerk
1385 2747 1426 2794 ac
1441 2725 1617 2794 Willelmo
1636 2724 1726 2794 luter
1741 2743 1819 2792 cum
1834 2719 1979 2790 diuersis

652 2849 697 2912 ijs

1074 3093 1079 3102 ·
1189 3093 1192 3100 ·
1228 3057 1368 3123 XXIII.-

395 3205 502 3288 roizy
623 3191 721 3281 Copia‘
749 3193 840 3262 Ca'rte
865 3195 1019 3262 Willelmi
1032 3195 1137 3282 sother
1156 3167 1198 3264 'lb
1223 3221 1327 3265 annuo
1349 3165 1488 3266 Reddite
1510 3197 1626 3286 viginij
1646 3197 1816 3266 solidorum
1838 3197 1875 3262 de
1897 3201 1979 3262 terra

711 3297 865 3366 Willelmi
882 3297 1049 3386 Nicbolaij
1062 3307 1091 3366 et
1107 3301 1144 3367 de
1163 3305 1294 3388 quatuor
1310 3288 1480 3407 solidrirum
1497 3303 1533 3370 dc
1550 3309 1632 3370 terra
1650 3301 1802 3390 inferiore
1826 3297 1979 3370 Willrlmi

707 3403 805 3470 tium
819 3403 900 3470 alias
914 3411 999 3491 spons

396 3575 562 3626 „soum
713 3545 901 3612 numus
927 3545 1017 3612 nanc
1046 3555 1176 3614 cartam
1201 3500 1325 3616 visum
1349 3549 1402 3616 ver
1428 3547 1603 3616 nuditum
1627 3548 1824 3618 willelmus
1848 3545 1979 3614 rushes

396 3639 581 3756 fflfflnfffffl·
756 3649 932 3736 burgensis
950 3651 1045 3736 burgi
1064 3655 1105 3719 de
1125 3653 1292 3722 Abirdene
1311 3655 1476 3724 Etemam
1492 3654 1527 3723 in
1546 3654 1683 3722 domino
1701 3655 1847 3722 salutem
1867 3653 1978 3718 Noue-

391 3771 514 3838 ,wiuiam
620 3753 695 3820 ritis
711 3775 765 3820 me
783 3754 818 3822 in
835 3756 1067 3840 Augmentum
1087 3757 1191 3843 divinj
1209 3759 1332 3827 Cultus
1352 3760 1513 3828 honorem
1529 3760 1581 3844 dej
1593 3757 1843 3845 omnipotentis
1858 3755 1979 3826 beatis·

397 3837 598 3952 ffiffi'ffl‘
622 3857 707 3926 sime
718 3859 857 3945 virginis
866 3861 972 3930 marIe
985 3863 1101 3948 Sanctj
1115 3863 1200 3949 petrj
1214 3865 1369 3950 Apostoli
1380 3875 1415 3932 et
1425 3865 1579 3932 omniurn
1589 3874 1785 3934 sanctorum
1797 3885 1857 3950 pro
1869 3862 1979 3930 salute

395 3964 464 4083 ἓξὲξ
472 3967 583 4084 ἵξῃῐέου·
621 3964 734 4032 anime
750 3987 825 4033 mee
840 3966 1030 4036 animarum
1045 3969 1188 4068 Agnetis
1203 3969 1363 4050 auchneif
1375 3991 1499 4056 sponse
1514 3992 1588 4038 mee
1603 3969 1724 4056 prioris
1736 3971 1782 4039 Et
1799 3966 1978 4036 Eliaabeth

620 4090 721 4156 crage
736 4091 860 4156 sponse
875 4093 950 4140 mee
965 4074 1124 4140 modoine
1146 4074 1291 4159 prolium
1314 4084 1505 4144 nostrarum
1526 4085 1705 4162 parentum
1728 4075 1979 4144 benefactorum

621 4196 661 4242 ac
679 4197 795 4244 eorum
811 4199 832 4244 a
847 4177 969 4262 quibus
990 4178 1103 4265 aliqua
1123 4181 1212 4248 bona
1232 4180 1345 4248 minus
1367 4181 1455 4249 iuste
1477 4181 1580 4268 hahuj
1602 4191 1636 4248 et
1656 4179 1808 4248 omnium
1828 4181 1979 4248 fidelium

620 4283 855 4350 defunctorum
878 4284 1011 4352 dedisse
1034 4287 1243 4356 concessisse
1264 4297 1297 4356 et
1313 4289 1378 4357 hac
1394 4288 1541 4376 presenti
1559 4297 1654 4358 carta
1669 4309 1746 4356 mea
1761 4287 1980 4355 confirmasse

621 4386 758 4455 Vicario
773 4397 806 4454 et
822 4389 1008 4475 capellanis
1031 4391 1133 4477 Chorj
1151 4393 1291 4460 ecclesie
1309 4394 1513 4480 parochialis
1536 4395 1625 4479 beatj
1646 4393 1803 4478 Nicholaj
1825 4393 1921 4480 burgj
1938 4393 1980 4460 de

620 4493 795 4560 Aberdene
815 4503 907 4562 totos
921 4505 955 4562 ct
972 4496 1129 4580 Integros
1149 4519 1280 4566 annuos
1301 4501 1467 4568 Redditus
1488 4521 1583 4568 meos
1602 4499 1810 4585 subscriptos
1824 4497 1980 4567 videlicet

622 4597 724 4666 Illum
739 4619 890 4668 annuum
915 4602 1099 4668 Redditum
1121 4625 1234 4670 meum
1253 4605 1371 4690 vigintj
1394 4607 1577 4673 solidorum
1601 4605 1776 4672 annuatim
1801 4615 1979 4673 exeuntem
