4472 5992
840 691 1033 778 Fragmenta
1574 715 1615 781 ²3

257 873 346 942 inter
375 892 437 940 uos
463 878 498 940 et
523 867 652 938 dictum
683 863 884 953 magistrum
912 863 1097 934 Ricardum
1127 863 1255 936 factum
1282 869 1324 936 de
1350 867 1450 938 terris
1476 869 1548 938 suis
1573 871 1615 938 de

258 979 482 1066 Strotbgemy
504 975 618 1062 lotbns
638 983 672 1042 et
694 971 833 1058 brigend
857 971 1051 1040 lacentibus
1074 969 1109 1038 in
1133 971 1273 1042 baronio
1296 973 1337 1042 de
1362 975 1504 1062 Oboyne
1526 974 1613 1044 infre

256 1083 532 1154 vicecomitatum
549 1082 591 1149 de
610 1081 776 1148 aberdene
799 1075 921 1164 quibus
942 1075 1041 1144 terris
1058 1077 1100 1144 dc
1117 1077 1231 1146 futhes
1253 1080 1318 1164 beg
1332 1089 1366 1148 et
1384 1081 1498 1148 futhes
1521 1103 1613 1150 more

257 1212 336 1260 cum
362 1187 556 1258 molendino
581 1185 732 1256 eiusdem
756 1186 798 1254 de
824 1183 988 1254 buctibus
1014 1184 1056 1251 de
1082 1183 1239 1252 omnibus
1265 1185 1341 1254 aliis
1366 1186 1465 1254 terris
1488 1187 1613 1255 nostris

238 1351 239 1358 ,
253 1295 447 1384 Jscentibus
461 1293 496 1362 in
511 1289 661 1362 dominio
676 1299 792 1358 nostro
804 1291 845 1360 dc
860 1289 974 1358 futhes
988 1309 1081 1358 more
1096 1287 1183 1358 infra
1194 1289 1322 1359 dictum
1338 1290 1612 1362 vicecomitatum

257 1405 299 1472 de
313 1403 481 1472 aberdene
494 1397 695 1468 Tenendum
712 1405 745 1464 et
761 1395 954 1464 habendum
977 1403 1011 1464 et
1034 1395 1285 1482 percipiendum
1301 1398 1342 1465 de
1357 1397 1455 1466 nobis
1470 1409 1504 1466 et
1519 1399 1613 1468 bere·

257 1511 356 1580 dibus
366 1505 493 1576 nostris
503 1504 633 1574 dictum
648 1523 803 1572 annuum
815 1500 982 1570 redditum
1001 1501 1118 1570 decem
1135 1499 1294 1570 librarum
1306 1523 1385 1571 cum
1397 1503 1614 1590 pertinenciis

257 1615 387 1703 prefato
403 1609 568 1698 magistro
584 1609 730 1678 Ricardo
746 1616 779 1676 et
795 1607 866 1676 suis
881 1629 939 1676 ass
984 1655 993 1674 .
1039 1656 1047 1672 .
1095 1655 1102 1673 .
1150 1656 1158 1674 .
1204 1609 1245 1676 dc
1261 1607 1361 1676 dictis
1375 1609 1474 1678 terris
1489 1611 1615 1680 nostris

257 1724 299 1790 de
324 1719 439 1788 brtbcs
464 1719 529 1803 beg
553 1723 587 1784 et
612 1713 727 1784 iutbes
773 1763 781 1782 .
829 1763 837 1782 .
884 1763 892 1780 .
939 1763 947 1780 .
993 1711 1142 1780 eiusdem
1170 1711 1291 1798 quibus
1317 1715 1359 1782 de
1383 1715 1548 1784 buctibus
1572 1718 1615 1784 oe

117 1811 120 1820 ¹
257 1824 415 1894 omnibus
429 1821 505 1893 eliis
516 1818 615 1890 terris
630 1818 754 1888 nostris
800 1869 808 1887 .
856 1869 863 1885 .
911 1867 919 1888 .
966 1867 974 1886 .
1018 1817 1132 1886 tuthes
1147 1839 1225 1888 com
1240 1819 1457 1905 pertinenciis
1472 1823 1515 1890 ad
1530 1823 1616 1891 duos

257 1929 338 2002 anni
353 1927 517 2000 terminos
528 1947 612 1998 vsua
657 1976 665 1996 .
713 1975 721 1994 .
768 1975 776 1994 .
823 1974 831 1994 .
877 1943 938 2012 per
948 1924 1087 2012 equales
1097 1923 1269 2014 portioms
1280 1927 1365 1995 adeo
1377 1925 1481 1996 libere
1516 1977 1525 1994 .
1561 1975 1570 1995 .
1605 1975 1614 1996 .

747 2117 938 2186 remmia
952 2123 1029 2206 pars
1046 2117 1126 2186 deest

259 2313 284 2403 .'
314 2379 818 2402 ..........
849 2325 1024 2398 denarium
1040 2326 1251 2398 scoticenum
1267 2325 1403 2396 nomine
1419 2328 1494 2398 albe
1509 2329 1614 2400 terme
1636 2341 1727 2396 toto·

258 2483 1038 2507 ...............
1081 2435 1123 2502 de
1137 2432 1251 2502 futbes
1266 2432 1295 2500 si
1310 2443 1447 2520 petatur
1460 2433 1612 2505 Tantum

258 2589 982 2613 ..............
1021 2590 1038 2606 ..
1080 2541 1122 2608 de
1137 2539 1229 2608 dicto
1244 2559 1358 2608 annuo
1373 2541 1506 2610 reddito
1521 2541 1612 2612 exitu

258 2695 984 2720 ..............
1035 2643 1201 2716 Willelmi
1219 2644 1361 2714 heredes
1375 2653 1410 2714 et
1425 2645 1492 2714 mei
1507 2645 1613 2734 assig-

257 2801 983 2825 ..............
1034 2760 1067 2820 et
1083 2751 1197 2819 brthes
1215 2771 1308 2818 more
1323 2771 1402 2819 cum
1419 2751 1613 2821 molendino

257 2913 264 2930 .
312 2913 320 2929 .
367 2911 375 2928 .
422 2911 430 2928 .
478 2909 486 2926 .
533 2911 541 2926 .
588 2909 596 2926 .
643 2908 651 2926 .
698 2909 706 2925 .
753 2908 761 2924 .
808 2908 816 2924 .
864 2857 873 2923 .“
919 2853 982 2924 .’“.
1029 2907 1037 2924 .
1084 2906 1092 2922 .
1139 2855 1613 2946 desuthespossessorespro

256 3011 1092 3034 ................
1148 2961 1400 3048 ismrmngistro
1417 2961 1563 3032 Ricsrdo
1578 2972 1612 3032 et

256 3118 705 3140 .........
723 3097 761 3136 ·.
807 3118 815 3136 .
863 3118 871 3138 .
918 3117 926 3136 .
974 3117 981 3134 .
1029 3116 1037 3136 .
1084 3066 1613 3138 ‚hemimetbebendasnooo

256 3223 927 3246 .............
980 3171 1295 3243 warantizabimus
1312 3171 1563 3259 aequitabimus
1578 3179 1612 3242 et

255 3327 1203 3351 ..................
1262 3277 1342 3347 huic
1357 3277 1505 3365 presenti
1520 3287 1613 3348 csrte

256 3433 1150 3454 .................
1188 3383 1363 3455 Februarii
1379 3403 1469 3453 snno
1484 3383 1612 3454 domim

256 3539 1148 3560 .................
1192 3489 1304 3558 sorbes
1318 3499 1435 3558 nostro
1449 3509 1612 3578 germem

257 3643 1150 3664 .................
1177 3593 1360 3664 alexandro
1375 3595 1460 3684 iesly
1474 3595 1612 3666 domino

256 3747 1094 3770 ................
1153 3700 1266 3770 sorbes
1282 3699 1469 3772 dauidsone
1486 3705 1612 3776 andros

257 3851 1150 3874 .................
1177 3807 1219 3876 be
1235 3805 1386 3894 crsgiver
1399 3816 1434 3878 et
1450 3807 1613 3896 meginero

257 3958 929 3980 .............
954 3909 1088 3998 publico
1103 3931 1182 3980 cum
1197 3911 1316 3980 multis
1331 3909 1408 3982 eliis
1422 3921 1457 3982 et
1472 3909 1614 3984 diversio

257 4062 1040 4084 ...............
1081 4015 1163 4085 dicti
1179 4013 1333 4103 magistri
1351 4015 1488 4087 Ricsrdi
1502 4017 1614 4088 tornes

256 4165 1093 4190 ................
1139 4129 1228 4192 rtam
1239 4121 1363 4190 visuris
1377 4123 1432 4191 uel
1448 4123 1614 4194 audituris

256 4271 1151 4296 .................
1179 4227 1326 4296 salutem
1342 4228 1469 4299 Sciatis
1483 4249 1538 4299 me
1553 4251 1614 4318 pro

256 4377 929 4400 .............
954 4333 1093 4402 secundi
1109 4343 1143 4402 et
1160 4331 1269 4402 Meris
1281 4333 1412 4421 Regino
1427 4335 1614 4404 consorslis

256 4482 285 4500 ..
311 4483 652 4506 .......
701 4437 776 4506 uiro
790 4437 972 4508 Alexandri
988 4448 1130 4508 etoune
1145 4437 1281 4508 comitis
1294 4441 1337 4509 de
1352 4437 1471 4508 huntle
1486 4439 1614 4509 domini

255 4587 263 4606 .
310 4589 318 4606 .
365 4589 374 4608 .
420 4590 428 4608 .
474 4541 661 4630 Bedynsch
676 4551 711 4612 et
726 4543 840 4612 anime
856 4543 1037 4614 Elimbetb
1053 4545 1214 4614 comtisse
1228 4543 1342 4614 uxoris
1357 4565 1418 4613 sne
1433 4544 1614 4614 Alexandri

253 4645 295 4716 de
318 4645 428 4716 sorbes
457 4648 499 4718 de
528 4649 646 4718 codem
676 4649 892 4740 parliamenti
922 4649 1050 4722 domini
1080 4649 1178 4739 primi
1208 4651 1252 4720 de
1279 4649 1391 4727 sorbes
1415 4645 1516 4738 prisci
1548 4648 1615 4720 mei
