4460 5984
607 599 671 668 228
955 587 1087 668 Rmtale
1108 601 1247 670 obitum
1268 609 1296 668 et
1316 601 1618 670 animatorum

606 775 700 840 Adeo
715 773 817 840 libere
834 775 982 859 plenarie
997 775 1127 862 integre
1143 775 1325 843 honorifice
1340 777 1425 843 bene
1441 787 1474 842 et
1490 775 1525 842 in
1541 795 1624 862 paee
1639 775 1674 842 in
1690 775 1847 844 omnibus
1858 786 1893 842 et
1905 797 1965 862 per

606 876 721 942 ornnia
746 877 835 944 sicut
859 877 973 962 aliqua
996 889 1086 946 terra
1112 879 1198 946 infra
1222 879 1350 946 dictum
1378 881 1521 964 burgum
1546 879 1688 945 ecclesie
1718 879 1753 944 in
1778 901 1900 964 puram
1930 889 1963 946 et

607 987 805 1064 perpetuam
820 979 1033 1046 elimosinam
1048 983 1159 1048 Datur
1171 981 1366 1048 conceditur
1381 991 1440 1048 aut
1456 980 1648 1066 possidetur
1660 981 1732 1048 sine
1744 983 1964 1050 reuocacione

606 1083 852 1150 reclamacione
867 1095 926 1151 aut
943 1087 1212 1154 contradiccione
1230 1086 1368 1172 aliquali
1383 1085 1448 1168 mej
1466 1087 1628 1154 heredum
1645 1108 1795 1154 meorum
1813 1088 1964 1173 assigna·

606 1195 719 1253 torum
748 1197 808 1254 aut
840 1187 982 1255 aliorum
1012 1209 1289 1274 quorumcunque
1324 1189 1495 1256 Faciendo
1525 1189 1603 1256 inde
1638 1189 1719 1274 dictj
1757 1199 1895 1257 curatus
1930 1197 1964 1256 et

606 1289 772 1374 capellani
799 1299 832 1356 et
859 1291 912 1358 sui
937 1293 1157 1360 Successores
1182 1313 1362 1378 suppremo
1386 1292 1523 1358 domino
1549 1303 1665 1358 nostro
1689 1293 1759 1378 regi
1784 1293 1964 1361 seruicium

607 1393 807 1478 burgagium
831 1395 872 1460 de
895 1395 986 1460 dicta
1001 1405 1090 1462 terra
1106 1395 1256 1462 debitum
1272 1393 1305 1462 e't
1322 1405 1520 1462 consuetum
1538 1397 1587 1462 Ae
1610 1396 1812 1464 celebranda
1827 1398 1965 1464 Annua·

606 1495 669 1562 tim
685 1497 728 1562 ad
743 1495 850 1562 altare
871 1497 979 1578 sanetj
999 1497 1162 1564 Iohannis
1177 1497 1394 1582 ewangeliste
1416 1497 1502 1564 infra
1517 1497 1644 1564 dictam
1661 1499 1840 1566 ecelesiam
1860 1500 1964 1568 situa-

606 1607 679 1664 tum
696 1621 756 1684 pro
772 1599 882 1665 salute
896 1599 1019 1666 Anime
1042 1621 1116 1666 mee
1132 1599 1322 1668 animarum
1338 1600 1564 1686 predictarum
1581 1623 1621 1668 ae
1644 1601 1796 1668 omnium
1812 1602 1962 1670 lidelium

606 1705 841 1770 defunctorum
856 1726 959 1771 vnum
984 1705 1252 1774 anniuersarium
1276 1705 1432 1772 videlieet
1453 1707 1612 1791 exequias
1634 1707 1868 1774 defunctorum
1885 1730 1963 1776 cum

605 1809 746 1893 placebo
762 1819 795 1876 et
813 1809 928 1895 Dirige
938 1811 973 1876 in
985 1811 1104 1900 sabato
1119 1821 1195 1898 post
1212 1812 1483 1897 assumpcionem
1500 1811 1694 1880 beatissime
1705 1813 1847 1899 virginis
1859 1813 1964 1881 marie

606 1914 721 1980 datam
746 1914 913 2000 presentis
937 1925 1028 1984 carte
1052 1937 1125 1982 mee
1149 1926 1346 2002 sequentem
1366 1918 1417 1984 Ae
1444 1919 1614 1984 cantando
1637 1917 1671 1982 in
1695 1917 1865 1986 dominica
1887 1917 1966 1986 inde

606 2019 759 2104 proxima
774 2031 935 2104 sequente
957 2043 1058 2088 vnum
1075 2021 1215 2088 missam
1231 2023 1369 2090 denota
1393 2043 1470 2090 cum
1487 2021 1600 2090 missis
1616 2022 1759 2108 priuatis
1781 2045 1840 2108 per
1855 2023 1965 2110 capel-

606 2123 703 2190 lanos
718 2124 799 2210 dictj
817 2125 909 2210 chorj
935 2128 1143 2194 celebrandis
1158 2149 1218 2213 per
1232 2127 1451 2202 Ebdomitam
1472 2139 1670 2213 sequentem
1687 2129 1832 2214 Insuper
1845 2129 1965 2196 collec-

606 2236 660 2294 tor
681 2228 847 2298 dictorum
871 2231 1122 2316 capellanorum
1145 2253 1324 2317 preconem
1347 2231 1427 2317 dictj
1452 2233 1548 2318 burgj
1573 2231 1749 2300 annuatim
1773 2255 1833 2318 per
1854 2243 1964 2301 totum

606 2333 750 2418 burgum
766 2334 873 2419 preire
887 2335 988 2404 faciet
1007 2336 1042 2404 in
1058 2337 1148 2404 dicto
1165 2338 1284 2406 sabato
1299 2347 1333 2406 et
1349 2336 1635 2423 singuliasabatis
1650 2337 1772 2405 futuris
1787 2338 1965 2406 annuatim

522 2477 526 2486 ·
606 2439 650 2506 ad
679 2439 927 2523 deprecandum
961 2457 1021 2526 pro
1051 2441 1160 2508 salute
1190 2441 1303 2508 anime
1340 2463 1414 2508 mee
1443 2451 1477 2508 et
1507 2441 1707 2510 Animarum
1737 2441 1964 2527 predictarum

383 4459 477 4511 Obitus
488 4460 556 4512 alex-

382 4525 455 4577 andri
467 4541 573 4578 mentes

605 2541 758 2610 tabulam
786 2563 886 2628 super
916 2553 1169 2611 monementum
1204 2542 1343 2612 situabit
1375 2545 1471 2610 Idem
1501 2543 1604 2628 pallio
1635 2543 1767 2612 decenti
1797 2544 1966 2630 cooperiet

607 2645 852 2733 luminariaque
878 2647 1033 2714 Inueniet
1058 2657 1096 2718 ut
1122 2647 1226 2716 moris
1252 2657 1305 2716 est
1335 2646 1502 2716 similibus
1528 2646 1770 2734 anniuersarijs
1794 2647 1966 2736 perpetuis

607 2751 816 2838 temporibus
827 2753 949 2820 futuris
964 2753 1115 2821 'lantum
1131 2775 1192 2840 pro
1207 2751 1299 2820 omni
1315 2753 1382 2820 alio
1398 2752 1540 2822 seruieio
1556 2753 1698 2837 secularj
1715 2753 1891 2822 exactione
1907 2777 1966 2822 seu

608 2859 776 2952 demanda
791 2879 856 2942 que
871 2859 913 2924 de
929 2857 1080 2943 predicta
1102 2868 1191 2926 terra
1206 2879 1284 2926 cum
1300 2857 1513 2943 pertinentiis
1528 2857 1719 2942 aliqualiter
1734 2857 1820 2944 exigi
1843 2859 1967 2944 poterit

607 2971 667 3030 aut
682 2963 804 3048 requirj
822 2965 869 3030 Et
892 2985 955 3049 ego
969 2985 1048 3030 vero
1063 2963 1175 3032 dictus
1191 2964 1362 3031 lohannes
1382 2964 1522 3032 heredes
1538 2963 1605 3029 mei
1620 2973 1654 3030 et
1675 2955 1838 3048 assignati
1857 2973 1966 3032 totum

608 3075 641 3134 et
653 3065 822 3153 integrum
838 3068 982 3134 ercitum
995 3069 1067 3136 siue
1078 3077 1203 3136 terram
1219 3067 1404 3154 predictam
1421 3089 1498 3136 cum
1511 3067 1583 3135 suis
1598 3068 1814 3154 pertinenciis
1829 3069 1968 3155 prelatis

608 3181 725 3240 curato
741 3182 775 3239 et
798 3173 983 3258 capellanis
1005 3174 1132 3240 ansuis
1155 3173 1414 3242 successoribus
1433 3173 1469 3240 in
1491 3173 1649 3242 omnibus
1664 3183 1698 3240 et
1720 3195 1780 3258 per
1794 3174 1909 3242 omnia
1930 3185 1967 3241 vt

608 3276 810 3362 premissum
832 3288 884 3344 est
907 3299 967 3363 per
989 3299 1107 3344 omnes
1129 3289 1237 3346 terras
1252 3299 1292 3346 ac
1308 3277 1539 3363 possessiones
1561 3287 1697 3346 nostras
1714 3289 1832 3346 contra
1847 3299 1966 3348 omnes

609 3385 768 3452 mortales
783 3385 1070 3454 varentiaabimus
1084 3385 1353 3470 acquietabimus
1368 3394 1401 3452 et
1419 3387 1674 3470 Imperpetuum
1690 3385 1908 3452 defendemus
1925 3387 1967 3452 In

608 3487 705 3556 cuius
715 3489 762 3574 rej
779 3489 1013 3556 testimonium
1029 3489 1108 3558 huic
1124 3489 1269 3576 presentj
1284 3499 1377 3557 carte
1389 3511 1463 3556 mee
1479 3489 1627 3576 sigillum
1645 3509 1758 3556 meum
1770 3498 1804 3555 et
1816 3487 1966 3574 sigillum

607 3593 814 3662 honorabilis
827 3594 888 3680 virj
915 3595 1078 3664 Iohannis
1095 3597 1220 3662 Ratree
1234 3595 1333 3662 vuius
1349 3593 1550 3663 balliuorum
1571 3592 1651 3678 dictj
1669 3593 1764 3678 bur·
1783 3613 1822 3660 ac
1838 3592 1967 3660 datoris

608 3699 729 3768 Sasine
744 3699 936 3768 huiusmodi
953 3701 1049 3786 croftj
1068 3713 1147 3768 sunt
1162 3723 1312 3787 appensa
1335 3703 1425 3787 apud
1440 3698 1611 3768 Abirdenn
1626 3699 1746 3766 vltimo
1761 3697 1814 3764 die
1838 3697 1967 3764 mensis

608 3805 686 3890 Iulij
711 3808 811 3873 Anno
837 3807 964 3874 domini
991 3807 1171 3874 millesimo
1198 3805 1468 3892 quingentesimo
1495 3814 1590 3872 sexto
1614 3823 1729 3872 coram
1755 3801 1905 3886 prouidis
1931 3811 1966 3870 et

605 3910 746 3978 famosis
759 3910 841 3978 viris
864 3911 1029 3998 Magistro
1052 3912 1153 3980 dauid
1177 3933 1312 3980 menzes
1327 3910 1486 3980 willelmo
1509 3919 1650 3980 wormet
1667 3907 1804 3978 domino
1826 3906 1967 3974 waltero

606 4015 692 4082 blair
713 4015 904 4086 Alexandro
930 4017 1015 4086 blair
1037 4017 1174 4087 domino
1196 4017 1354 4086 willelmo
1380 4037 1563 4086 muresoun
1584 4017 1711 4084 Curato
1732 4015 1773 4081 de
1792 4011 1965 4081 Abirdenn

605 4119 764 4190 willelmo
787 4121 995 4208 serimgeour
1017 4125 1202 4208 sergeando
1218 4123 1265 4189 Et
1280 4121 1417 4191 domino
1441 4121 1593 4190 Iohanne
1617 4117 1803 4204 Stirueling
1822 4116 1965 4186 Notario

606 4225 746 4296 Publice

693 4441 815 4510 Obitus
831 4445 1001 4528 quondam
1018 4445 1104 4511 bone
1120 4443 1281 4510 memorie
1304 4441 1476 4509 alexandri
1499 4461 1636 4508 menzes
1659 4437 1848 4506 elezabetht
1868 4437 1964 4504 leslie

606 4567 729 4631 sponse
745 4571 805 4615 sue
820 4549 953 4634 gilbertj
971 4571 1107 4616 menzes
1122 4549 1176 4635 auj
1194 4560 1228 4616 et
1244 4551 1368 4616 andree
1390 4547 1497 4634 patris
1520 4547 1572 4614 sui
1595 4541 1818 4612 celebrabitur
1836 4561 1965 4611 annua·
