4490 5990
642 659 805 728 Fundatio
825 661 977 728 Iohannis
999 661 1036 726 de
1057 661 1221 748 Kingom
1549 679 1611 746 113

255 848 374 896 omnes
389 830 550 898 mortales
564 831 851 900 varentiaabimus
866 833 1134 920 acquietabimus
1149 842 1183 902 et
1199 833 1447 921 imperpetuum
1465 834 1612 904 delendi·

255 951 332 998 mus
346 933 395 998 IN
411 934 559 1002 CUIUS
573 935 635 1002 Rei
647 934 880 1004 testimonium
893 935 1041 1021 sigillum
1058 957 1171 1004 meum
1186 957 1254 1004 vna
1265 957 1343 1006 cum
1359 937 1470 1024 sigillo
1482 936 1613 1025 prouidi

254 1031 316 1100 viri
331 1035 503 1104 alexandri
515 1037 661 1104 blinseill
677 1037 737 1104 tilii
753 1038 820 1106 mei
832 1046 914 1107 tnnc
924 1039 1025 1107 vnius
1040 1039 1241 1108 balliuorum
1257 1039 1339 1108 dicti
1354 1039 1450 1126 burgi
1466 1039 1615 1126 presenti

255 1145 347 1203 carte
377 1146 429 1204 est
459 1159 647 1225 appensum
678 1142 768 1225 apud
797 1139 925 1208 dietum
956 1143 1100 1228 burgum
1130 1144 1172 1209 de
1202 1142 1340 1211 abirdsn
1369 1141 1532 1212 vicesimo
1561 1139 1615 1210 die

255 1237 382 1306 mensis
406 1239 562 1326 lebruarij
588 1244 687 1310 Anno
713 1242 1061 1329 Dominjemillesimo
1086 1243 1420 1332 quadringentesimo
1449 1245 1616 1332 quinqua·

254 1342 384 1428 gesimo
402 1345 521 1430 quiuto
535 1345 697 1415 Testibus
711 1345 862 1432 prouidis
881 1357 915 1414 et
933 1347 1189 1434 circumspectis
1206 1347 1287 1416 viris
1311 1349 1465 1416 iohanne
1487 1348 1616 1436 scrogis

254 1445 324 1514 filio
343 1456 426 1516 tunc
442 1449 612 1536 preposito
628 1449 709 1518 dicti
725 1449 821 1535 burgi
839 1449 992 1518 Iohanne
1006 1451 1057 1538 fyl
1073 1451 1226 1520 Iohanne
1241 1471 1316 1520 mar
1331 1453 1457 1520 andrea
1472 1451 1616 1520 Cullane

256 1551 409 1618 Iohanne
442 1551 571 1639 scrogis
600 1561 697 1639 patre
726 1555 852 1620 andrea
881 1553 1012 1622 aucrolt
1043 1553 1209 1641 Magistro
1244 1554 1398 1622 Iohanne
1427 1554 1615 1622 cadzoucht

254 1655 382 1722 andrea
397 1675 534 1722 menses
553 1658 710 1724 duneano
730 1654 797 1724 olet
818 1655 1041 1742 burgensibus
1061 1657 1143 1724 dicti
1164 1655 1260 1743 burgi
1278 1656 1426 1726 dominis
1441 1657 1616 1728 Willelmo

254 1757 383 1824 Wolrat
413 1759 569 1826 duncano
599 1758 692 1828 clerk
723 1757 842 1826 thoma
878 1779 916 1826 ra
945 1757 1122 1828 Willelmo
1159 1757 1305 1828 blinseill
1342 1761 1499 1829 duncano
1534 1758 1613 1828 zoill

256 1859 408 1928 Iohanne
432 1861 577 1930 modane
603 1859 789 1948 capellanis
810 1870 845 1928 et
869 1861 1023 1930 Iohanne
1048 1861 1170 1930 tulidel
1195 1861 1373 1950 sergiando
1396 1885 1475 1932 cum
1499 1861 1618 1932 multis

254 1971 288 2030 et
304 1961 448 2030 diuersis
463 1963 541 2049 alijs

217 2068 223 2078 '
342 2065 487 2150 Insuper
523 2073 763 2150 augmentatur
798 2065 928 2134 rentale
963 2067 1005 2134 de
1039 2064 1159 2152 viginti
1195 2065 1313 2136 solidis
1347 2069 1391 2138 ad
1419 2069 1506 2136 duos
1535 2067 1616 2136 anni

253 2163 416 2232 tenninos
445 2165 609 2234 leuatun's
637 2166 794 2234 videlicet
825 2167 935 2236 sancti
970 2167 1106 2254 martinj
1139 2178 1173 2237 et
1203 2169 1435 2256 penthicostes
1464 2171 1506 2240 de
1535 2193 1617 2258 qua·

253 2268 332 2334 dam
348 2277 438 2336 terra
455 2271 592 2336 Iacente
607 2268 642 2336 in
664 2269 789 2337 boreali
804 2269 869 2336 vici
891 2271 994 2338 castri
1014 2269 1102 2339 inter
1121 2281 1246 2340 terram
1262 2276 1432 2359 quondam
1447 2275 1563 2344 thome
1579 2275 1619 2344 iil
1690 2273 1694 2280 ’

253 2391 343 2438 nunc
359 2371 489 2456 cenobij
511 2373 553 2440 de
574 2371 739 2440 arbroitht
761 2393 803 2440 ex
825 2371 1026 2441 occidentali
1049 2383 1145 2459 parte
1167 2383 1201 2442 et
1224 2384 1350 2443 terram
1373 2375 1442 2444 diui
1465 2375 1552 2462 petri
1572 2399 1614 2446 ex

253 2471 408 2542 orientali
428 2473 519 2542 vlam
539 2473 667 2560 regiam
689 2495 732 2540 ex
753 2473 893 2542 australi
916 2484 950 2542 et
971 2476 1138 2544 venellam
1163 2478 1337 2546 Iacentem
1360 2478 1448 2546 inter
1469 2481 1611 2550 eandem

252 2585 377 2644 terram
415 2585 449 2644 et
486 2579 629 2646 eandem
662 2587 750 2644 terre
780 2579 951 2662 quondam
987 2581 1110 2648 andree
1145 2581 1319 2650 allansone
1356 2602 1446 2650 nunc
1479 2581 1613 2669 gilberti

253 2701 390 2750 menaea
412 2701 477 2766 que
498 2691 589 2750 terra
611 2682 781 2767 quondam
807 2679 871 2748 luit
894 2679 1048 2767 magistri
1072 2681 1236 2750 Iohannis
1262 2684 1496 2754 banzenaucht
1522 2707 1613 2754 nunc

253 2793 368 2852 autem
398 2783 599 2852 vicariorum
629 2782 771 2852 ecclesie
801 2781 1020 2852 cathediralis
1056 2783 1289 2854 abirdonensis
1322 2795 1421 2874 prout
1452 2785 1487 2854 ln
1518 2797 1614 2858 carta

253 2887 398 2973 desuper
412 2887 567 2956 conlecta
582 2886 726 2956 fideliter
740 2885 868 2954 extraxi

684 3023 705 3088 I
705 3045 727 3088 n
741 3021 835 3090 Folio
850 3017 912 3107 46²
925 3021 1010 3090 nihil
1022 3023 1170 3090 scribitur

869 3227 1003 3293 LXIII.

245 3361 536 3522 'OMNIBUS
551 3360 640 3428 hanc
657 3367 787 3427 cartam
803 3357 926 3426 visuris
940 3357 1004 3426 Vel
1021 3357 1187 3428 audituris
1207 3359 1378 3429 Iohannes
1393 3363 1435 3430 de
1450 3361 1612 3452 kingome
1633 3375 1738 3431 ἰσων

389 3467 559 3534 secundus
581 3487 687 3552 nepos
707 3463 805 3551 primj
826 3463 973 3532 vicarius
993 3466 1033 3532 de
1054 3466 1220 3533 aberdene
1243 3467 1397 3536 Salutem
1420 3467 1455 3536 in
1476 3469 1613 3540 domino

253 3565 495 3654 sempiternam
513 3567 655 3636 Nouerit
670 3567 873 3635 uniuersitas
884 3577 997 3636 vestra
1013 3589 1067 3634 me
1082 3570 1222 3636 ductum
1239 3571 1423 3642 deuocione
1438 3581 1472 3642 et
1487 3573 1612 3644 intuitu

254 3669 407 3739 caritatis
437 3670 570 3740 dedisse
597 3668 806 3738 concessisse
830 3680 864 3738 et
891 3671 955 3738 hac
982 3670 1130 3756 presentj
1162 3679 1257 3740 carta
1287 3695 1364 3743 mea
1393 3675 1612 3744 confirmasse

253 3773 379 3842 vicario
396 3776 437 3842 de
452 3775 618 3844 aberdene
633 3783 667 3842 et
683 3771 868 3860 capellanis
882 3771 1034 3840 eiusdem
1050 3775 1093 3842 ad
1114 3772 1254 3862 triginta
1277 3779 1464 3847 numeratis
1480 3777 1508 3847 si
1524 3779 1612 3848 tanti

252 3875 377 3946 fuerint
401 3877 569 3946 sinamem
592 3877 805 3964 presentibus
821 3873 878 3962 qui
896 3897 957 3962 pro
972 3885 1123 3964 ternpore
1145 3877 1269 3946 fuerint
1293 3881 1485 3951 successiue
1506 3905 1610 3951 vnum

253 4001 404 4048 annuum
431 3981 598 4050 redditum
621 3979 740 4066 viginti
764 3979 863 4048 vnius
886 3979 1082 4048 sollidorum
1109 3980 1309 4050 soluendum
1333 3985 1376 4052 ad
1397 4007 1502 4052 vnum
1529 3987 1609 4074 annj

252 4081 434 4150 terminum
458 4083 586 4152 scilicet
602 4085 645 4152 ad
660 4083 784 4150 festum
808 4081 926 4150 Sancti
943 4081 1107 4150 Ihoannis
1129 4083 1277 4170 baptiste
1300 4085 1440 4155 indilate
1455 4088 1610 4158 videlicet

252 4184 367 4252 decem
395 4185 521 4254 solidos
546 4187 588 4254 de
613 4207 679 4252 vno
707 4185 813 4252 crofto
840 4185 979 4254 Iacente
1005 4184 1090 4254 infra
1120 4186 1325 4256 territorium
1355 4189 1538 4260 croltorum
1569 4193 1610 4260 de

251 4287 411 4356 rubislaw
426 4288 513 4356 inter
536 4309 750 4356 communem
765 4287 856 4355 viam
879 4287 1007 4374 regiam
1030 4311 1097 4374 qua
1112 4287 1180 4356 itur
1196 4312 1216 4358 a
1232 4291 1263 4358 le
1279 4291 1470 4362 crabistane
1491 4317 1610 4364 versus

252 4411 385 4458 crucem
402 4413 466 4478 que
480 4401 622 4461 vocatur
635 4389 790 4458 frasseris
807 4413 903 4459 cruss
918 4413 959 4458 ex
973 4401 1070 4478 parte
1092 4392 1247 4480 orientalj
1273 4415 1314 4462 ex
1328 4405 1423 4482 parte
1438 4418 1505 4465 vna
1521 4408 1554 4466 et
1578 4399 1609 4468 le

251 4491 429 4562 millecrolt
455 4503 617 4580 exparte
647 4493 847 4562 occidentali
874 4515 915 4562 ex
944 4504 1041 4580 parte
1070 4494 1179 4564 altera
1208 4504 1242 4564 et
1272 4518 1487 4568 communem
1517 4499 1607 4570 viam

252 4595 396 4684 Regiam
419 4598 656 4667 extendentem
672 4617 693 4666 a
709 4597 820 4686 lapide
843 4597 1014 4666 antedicto
1036 4619 1154 4666 versus
1178 4597 1410 4670 molendinum
1433 4601 1607 4673 iusticiarii

922 4703 943 4752 r
