4460 5984
642 679 802 746 anano
823 679 1003 744 Alexandri
1023 679 1179 765 mansan

822 897 1003 961 LXXXII.

653 1041 685 1104 F
685 1039 814 1104 nudatio
827 1039 1007 1104 Alexandri
1021 1039 1176 1124 malysone

327 1179 549 1248 OUERINT
576 1179 734 1246 Vniuersi
758 1201 818 1265 per
843 1189 1017 1266 presentes
1044 1182 1117 1246 Nos
1141 1182 1305 1248 Curatum
1328 1187 1362 1246 et
1386 1179 1589 1266 capellanos

370 1285 512 1370 Collegii
529 1307 588 1351 seu
604 1285 706 1352 Chori
727 1283 882 1350 Ecclesie
900 1284 969 1351 diui
985 1285 1143 1370 nicholaij
1167 1287 1208 1351 de
1224 1287 1399 1352 Aberdene
1422 1307 1482 1370 pro
1504 1293 1588 1351 tem·

231 1411 312 1474 pore
327 1390 495 1476 obligasse
510 1399 608 1475 prout
624 1400 740 1456 tenore
752 1389 963 1474 presencium
980 1411 1042 1456 nos
1052 1389 1242 1474 obligamus
1257 1399 1290 1455 et
1306 1398 1440 1456 nostros
1457 1410 1588 1455 succes·

232 1515 324 1560 sores
342 1497 595 1580 Imperpetuum
618 1495 827 1580 temporibus
848 1495 970 1561 futuris
993 1497 1036 1561 ad
1060 1495 1305 1560 Celebrandam
1321 1515 1423 1560 vnam
1446 1493 1587 1560 missam

231 1599 264 1666 in
281 1600 334 1665 dei
350 1599 591 1684 omnipotentis
615 1600 749 1666 laudem
773 1609 806 1666 et
830 1600 971 1684 gloriam
994 1599 1170 1666 benedicte
1193 1599 1312 1666 matris
1335 1599 1407 1666 eius
1430 1599 1535 1666 marie
1554 1609 1587 1666 et

229 1702 351 1770 Totius
378 1705 478 1771 Curis
505 1703 639 1770 celestis
665 1704 757 1770 omni
782 1714 877 1770 sexta
902 1704 984 1770 feria
1010 1705 1051 1770 de
1082 1703 1228 1789 quinque
1253 1703 1434 1772 wlneribus
1460 1703 1587 1770 domini

230 1809 335 1874 nostri
364 1811 466 1876 Ihesu
493 1809 611 1875 christi
635 1811 678 1876 ad
708 1809 815 1875 altare
840 1809 930 1876 beati
962 1808 1125 1875 Iohannis
1155 1807 1384 1892 Ewangeliste
1412 1809 1453 1874 In
1478 1807 1587 1876 inten-

229 1911 321 1979 tione
344 1921 377 1980 et
401 1935 461 1998 pro
478 1912 591 1980 anima
614 1915 784 1997 quondam
807 1911 940 1998 prouidi'
961 1912 1138 1998 burgensis
1153 1911 1333 1978 Alexandri
1356 1911 1530 1998 malysone
1552 1921 1586 1980 et

229 2017 344 2085 anima
374 2029 563 2104 margarete
590 2019 703 2085 kinton
731 2041 791 2085 sue
818 2041 940 2104 sponse
970 2019 1214 2104 animabusque
1245 2039 1381 2084 suorum
1408 2027 1586 2103 parentum

228 2123 372 2206 prolium
396 2145 435 2190 ac
459 2125 793 2210 Consanguineorum
812 2125 865 2190 Eo
888 2135 921 2190 et
945 2145 1004 2209 pro
1027 2134 1154 2210 quanto
1177 2125 1266 2208 quod
1287 2125 1382 2190 Idem
1397 2125 1588 2192 Alexander

229 2227 403 2312 malysone
428 2230 525 2296 nobis
551 2230 642 2296 dedit
665 2239 698 2298 et
722 2229 884 2314 gilbertus
910 2229 1085 2314 malysone
1112 2249 1193 2294 suus
1216 2225 1306 2294 filius
1327 2237 1362 2295 et
1385 2228 1482 2296 heres
1505 2229 1586 2296 deli-

228 2333 357 2400 berauit
380 2333 415 2399 in
438 2356 557 2419 puram
582 2335 807 2400 Elimosinam
831 2335 873 2400 ad
898 2344 1048 2400 nostram
1072 2325 1106 2400 et
1130 2331 1371 2401 Successorum
1391 2345 1585 2402 nostrorum

228 2439 510 2505 sustentationem
533 2439 653 2524 viginti
677 2447 821 2524 quatuor
843 2439 946 2504 libras
969 2440 1011 2504 ad
1034 2447 1186 2505 nostram
1208 2437 1390 2505 utilitatem
1413 2461 1529 2525 ymmo
1551 2449 1585 2507 et

228 2544 469 2610 Successorum
490 2554 683 2610 nostrorum
707 2543 988 2609 sustentationem
1012 2565 1052 2609 ac
1077 2545 1119 2608 ad
1142 2544 1405 2610 construendum
1428 2565 1585 2630 reparan-

227 2649 308 2714 dum
323 2658 357 2713 et
373 2649 597 2716 edificandum
611 2659 744 2714 nostras
756 2650 875 2714 domos
887 2661 1094 2718 communes·
1101 2645 1318 2732 Etprecipue
1333 2647 1415 2714 illud
1431 2658 1584 2716 nostrum

227 2761 458 2818 tenementum
483 2755 603 2819 Iacens
626 2753 661 2817 in
682 2752 758 2818 vico
783 2751 932 2818 Nauium
955 2751 1044 2816 inter
1066 2751 1190 2816 terram
1213 2751 1330 2816 thome
1353 2751 1523 2821 chawmer
1542 2773 1583 2836 ex

226 2857 352 2925 boreali
364 2879 404 2923 ex
415 2877 481 2923 vna
493 2865 618 2922 terram
634 2857 794 2922 heredum
811 2857 980 2940 quondam
997 2855 1113 2922 thome
1129 2865 1203 2940 prat
1220 2869 1262 2921 ex
1276 2857 1416 2923 australi
1432 2858 1584 2942 partibus

227 2965 270 3030 ab
300 2962 406 3030 altera
436 2981 650 3028 communem
680 2961 770 3029 viam
802 2962 945 3046 Regiam
974 2976 1091 3026 versus
1115 2961 1232 3026 omens
1246 2969 1295 3026 'et
1325 2971 1476 3029 montem
1506 2963 1584 3030 diue

226 3067 399 3134 catherine
424 3059 563 3152 virginis
589 3087 706 3132 versus
732 3065 965 3131 occidensEt
992 3067 1035 3132 ad
1063 3066 1127 3130 hoc
1153 3065 1343 3140 laciendum
1369 3087 1410 3133 ac
1434 3063 1497 3152 'per
1519 3087 1584 3134 nos

226 3181 425 3257 nostrosque
445 3173 665 3239 successores
681 3170 927 3237 Inuiolabiliter
947 3171 1194 3237 obseruandum
1218 3171 1282 3236 hoc
1304 3181 1457 3244 nostrum
1482 3173 1583 3259 scrip-

226 3288 299 3346 tum
327 3279 452 3345 nostris
477 3278 692 3346 manualibus
714 3277 1017 3362 subscn'ptionibus
1042 3279 1236 3346 roboratum
1263 3297 1303 3345 ac
1328 3280 1391 3346 sub
1415 3279 1583 3365 ypotheca

226 3383 377 3451 omnium
400 3385 563 3451 bonorum
586 3393 778 3450 nostrorum
802 3383 1032 3450 communium
1056 3393 1314 3468 nostrorumque
1341 3385 1582 3452 Successorum

226 3483 432 3574 presentium
448 3497 481 3555 et
496 3489 684 3555 futurorum
701 3489 742 3555 de
756 3487 911 3554 vnanimi
920 3509 1087 3554 consensu
1102 3481 1313 3554 decemimus
1325 3498 1359 3556 et
1371 3489 1583 3556 decreuimus

225 3616 285 3680 per
310 3603 484 3680 presentes
509 3593 630 3661 ACTA
657 3603 752 3660 erant
779 3593 842 3660 hec
868 3593 903 3658 in
927 3593 1219 3678 loco'Capitulari'
1240 3595 1391 3661 unanimi
1415 3615 1582 3664 consensu

224 3699 365 3766 fratrum
396 3699 431 3764 in
461 3701 590 3766 eodem‘
608 3721 730 3784 corpus
760 3699 899 3784 capituli
929 3699 1196 3783 presentantium
1228 3701 1270 3766 ad
1301 3699 1365 3766 hoc
1392 3699 1583 3786 specialiter

226 3813 505 3888 congregatorum
532 3803 566 3868 in
598 3801 788 3868 Natiuitate
811 3805 908 3868 beate
935 3801 1040 3867 marie
1065 3801 1204 3887 virginis
1233 3809 1356 3870 octaua
1378 3804 1432 3870 die
1456 3805 1583 3872 mensis

225 3907 432 3994 Septembris
450 3908 549 3974 Anno
565 3907 691 3974 domini
707 3907 887 3973 millesimo
902 3906 1183 3993 Quingentesimo
1199 3908 1435 3982 decimonono

355 4097 520 4183 Magister
534 4098 670 4165 thomas
686 4099 856 4166 chawmer
870 4107 1008 4166 curatus
1024 4100 1065 4164 de
1080 4099 1247 4170 Abirdene
1263 4121 1367 4169 manu
1382 4100 1517 4186 propria

355 4203 519 4288 Magister
535 4206 681 4270 Ioannes
696 4205 813 4288 byssat
829 4203 899 4270 ludi
911 4204 1124 4288 grammatici
1140 4213 1249 4272 rector
1264 4225 1367 4272 manu
1383 4205 1516 4290 propria

354 4307 511 4374 dominus
529 4309 699 4376 Iohannes
714 4311 843 4377 Wauss
859 4329 962 4376 manu
978 4309 1112 4394 propria

354 4414 511 4482 dominus
528 4417 698 4482 Iohannes
713 4415 775 4501 fyff
787 4435 890 4481 manu
906 4413 1040 4499 propria

353 4519 510 4588 dominus
526 4521 627 4588 dauid
643 4523 771 4588 Wauss
787 4541 890 4586 manu
906 4519 1039 4604 propn'a

354 4625 510 4694 dominus
525 4625 721 4696 Willelmus
736 4625 866 4712 philipp
882 4627 924 4692 ad
941 4625 1003 4692 hec
1019 4645 1121 4692 manu
1138 4623 1271 4710 propria
1359 4637 1377 4660 ⁸

888 4731 910 4778 u

1611 1058 1656 1112 fol.
1669 1057 1715 1112 ⁶1¹
