4460 5984
606 658 738 724 Rmtalr
759 659 898 724 obituum
920 665 949 724 el
969 657 1271 726 Annimrsariorum
1552 675 1615 742 225

261 829 499 898 Incumbentia
524 831 697 918 perficient
721 839 775 898 etc
801 853 862 916 pro
885 831 1007 917 quibus
1034 832 1254 900 lnieodantur
1278 829 1455 898 annuatim
1485 831 1520 896 in
1549 851 1616 898 vno

261 957 375 1003 annuo
413 937 561 1004 Redditu
593 937 712 1022 viginti
750 937 933 1004 solidorum
970 937 1098 1004 vsualis
1135 947 1270 1004 monete
1307 937 1412 1004 scotie
1449 938 1491 1002 de
1526 946 1617 1003 terra

260 1041 441 1108 Alexandri
458 1042 606 1110 menzeis
625 1043 761 1128 jacente
777 1043 811 1108 in
826 1043 901 1109 vico
918 1043 1030 1111 Castri
1046 1065 1087 1109 ex
1110 1043 1251 1110 australi
1267 1053 1363 1128 parte
1385 1042 1536 1110 eiusdem
1552 1041 1617 1108 vici

260 1144 348 1212 inter
363 1156 488 1214 terram
506 1148 670 1216 Iohannis
692 1149 887 1233 ruyerlurde
898 1169 940 1216 ex
954 1148 1109 1216 orientali
1125 1158 1158 1214 et
1174 1157 1299 1216 terram
1316 1150 1484 1232 quondam
1502 1148 1617 1214 Iacchi

260 1250 354 1318 leslie
376 1262 411 1319 et
434 1252 535 1321 dauid
556 1253 706 1320 menreis
728 1275 768 1320 ex
791 1254 992 1322 occidentali
1008 1263 1062 1320 etc
1085 1253 1192 1321 Cuius
1215 1263 1405 1338 margarete
1422 1251 1534 1320 obitus
1554 1251 1617 1322 fuit

259 1355 452 1440 primodie
478 1359 607 1426 mensis
634 1359 783 1444 lanuarij
811 1380 901 1426 anno
925 1359 1053 1427 domini
1077 1357 1258 1426 millesimo
1287 1356 1619 1444 quadringentesimo

262 1462 493 1548 Nonagesimo
510 1463 628 1550 quinto

348 1647 502 1734 Septimo
525 1649 579 1716 die
603 1648 731 1718 mensis
752 1649 908 1718 februarii
931 1671 1021 1718 mnu
1045 1649 1172 1718 domini
1196 1648 1378 1716 millesimo
1400 1659 1515 1716 ccccl*o
1539 1647 1621 1732 lxxj⁰

261 1751 414 1838 magistri
437 1763 471 1820 et
494 1752 621 1820 domini
645 1763 679 1822 et
702 1754 867 1840 capellanj
893 1755 1075 1842 subscripti
1096 1754 1253 1822 videlicet
1273 1756 1451 1820 duncanus
1478 1752 1622 1834 Scherar

261 1855 457 1924 Willelmus
472 1859 597 1926 Wocat
612 1860 803 1928 Alexander
816 1870 915 1928 vocat
930 1862 1121 1928 Alexander
1140 1859 1285 1928 Scherar
1308 1859 1477 1926 Robertus
1499 1858 1571 1944 leys
1586 1867 1619 1924 et

260 1961 414 2027 Andreas
436 1961 553 2028 thome
575 1963 768 2048 obligantur
790 1966 833 2031 ad
856 1964 1003 2032 inuicem
1026 1987 1128 2052 quam
1150 1964 1218 2030 cito
1234 1965 1278 2030 ad
1294 1963 1455 2029 noticiam
1478 1961 1621 2028 alicuius

260 2061 403 2128 istorum
430 2065 602 2132 deuenerit
629 2066 671 2132 de
697 2066 790 2134 obitu
818 2067 966 2153 Quilibet
993 2067 1135 2134 istorum
1162 2064 1345 2132 celebrabit
1372 2063 1426 2130 uel
1454 2063 1621 2130 celebrare

261 2163 363 2230 saciat
388 2187 453 2232 xxix
479 2166 602 2234 missas
629 2167 783 2234 caritatis
805 2179 839 2235 et
859 2168 1081 2238 fraternitatis
1100 2169 1226 2236 intuitu
1249 2190 1309 2253 pro
1333 2167 1448 2235 anima
1472 2167 1620 2234 defuncti

261 2289 363 2354 quam
379 2267 447 2336 cito
463 2270 585 2356 poterit
602 2273 648 2338 Et
664 2271 818 2358 quisquis
833 2273 940 2350 orabit
957 2295 1018 2360 pro
1034 2283 1126 2342 statu
1142 2273 1277 2346 illorum
1292 2293 1394 2356 quam
1410 2271 1467 2338 diu
1478 2271 1621 2339 vixerint

153 2493 156 2502 .
252 2473 258 2484 ·
350 2441 483 2510 Ultimo
513 2443 567 2511 die
599 2444 746 2529 lanuarij
778 2447 877 2512 Anno
909 2445 1034 2532 dominj
1069 2444 1251 2512 Millesimo
1289 2443 1622 2530 quadringentesimo

260 2545 481 2632 nonagesimo
512 2548 731 2615 Venerabiles
768 2549 829 2614 viri
867 2549 1022 2617 videlicet
1059 2547 1224 2634 Magister
1260 2549 1436 2615 duncanus
1477 2547 1621 2614 Scherar

262 2649 456 2718 Canonicus
478 2649 710 2718 abirdonensis
733 2651 896 2738 magister
916 2654 1059 2719 andreas
1083 2653 1186 2718 bisset
1208 2651 1353 2718 vicarius
1374 2651 1414 2717 de
1438 2651 1621 2735 Inuerovry

261 2751 418 2817 dominus
459 2752 560 2820 dauid
602 2775 715 2820 wauss
751 2753 897 2820 vicarius
934 2755 975 2820 de
1012 2755 1108 2821 banff
1144 2753 1306 2839 magister
1346 2751 1525 2819 alexander
1561 2751 1624 2838 fyff

262 2855 420 2923 dominus
448 2855 618 2924 Iohannes
645 2857 896 2926 strathauchtin
920 2857 1077 2927 dominus
1103 2859 1293 2926 wilhelmus
1322 2857 1490 2954 mvrisone
1514 2857 1619 2924 domi·

261 2981 325 3027 nus
342 2961 486 3028 andreas
509 2962 647 3028 chamer
670 2961 827 3029 dominus
847 2963 1000 3030 Andreas
1024 2963 1139 3030 thome
1164 2961 1321 3029 dominus
1348 2955 1519 3027 Iohannes
1542 2961 1620 3028 blak

261 3076 294 3132 et
325 3065 482 3135 dominus
511 3067 698 3136 Walterius
726 3067 877 3135 falconer
910 3067 1076 3154 capellanj
1093 3065 1303 3153 ‘obligantur
1332 3065 1375 3133 ad
1405 3063 1551 3131 inuicem
1581 3073 1619 3132 ut

262 3191 363 3257 supra
1357 3190 1361 3200 ·

349 3359 472 3427 Obitus
487 3361 657 3446 quondam
673 3361 759 3430 hone
782 3361 944 3430 memorie
959 3361 1248 3447 Agnetis-¹Fechat
1264 3369 1298 3427 et
1315 3359 1428 3427 Dauid
1444 3357 1617 3428 Collisoun
1640 3371 1747 3426 t01.o1¹

262 3484 404 3551 quorum
420 3465 672 3532 anniuersarius
695 3467 871 3534 annuatim
888 3466 1110 3534 celebrabitur
1125 3467 1166 3533 ad
1191 3466 1297 3532 altare
1313 3463 1422 3550 sanctj
1443 3463 1619 3530 michaelis
1641 3501 1823 3571 Obitusquon-

262 3567 465 3652 Archangeli
491 3567 525 3632 in
553 3569 734 3636 Dominica
763 3569 915 3654 proxima
941 3569 1167 3654 postfestum
1194 3568 1274 3652 dictj
1303 3568 1412 3634 sancti
1443 3567 1619 3632 michaelis
1640 3567 1702 3646 dani
1712 3569 1778 3620 bone
1787 3587 1839 3648 mp-

262 3669 405 3754 singulis
428 3670 528 3736 annis
551 3672 804 3756 Imperpetuum
826 3675 913 3739 Cum
930 3673 1036 3740 missa
1051 3674 1092 3738 de
1114 3681 1196 3738 nota
1211 3673 1253 3740 de
1275 3671 1389 3755 requie
1403 3681 1438 3736 ot
1453 3671 1617 3756 trigintali
1638 3645 1841 3752 ffiffi}

262 3783 423 3858 sequente
446 3795 506 3858 per
529 3775 754 3841 Ebdomidam
770 3795 831 3859 pro
852 3775 1029 3842 animabus
1047 3775 1213 3842 dictorum
1237 3775 1406 3860 quondam
1424 3773 1566 3858 Agnetis
1584 3783 1617 3839 et
1638 3765 1747 3818 ⁰⁰¹¹³⁸⁰¹¹

261 3875 395 3943 dauidis
420 3885 599 3960 parentum
630 3866 664 3942 et
693 3877 945 3944 benefactorum
977 3897 1114 3944 suorum
1141 3887 1175 3942 et
1205 3877 1357 3948 omnium
1384 3877 1532 3942 fidelium
1562 3878 1617 3942 de·

262 3979 453 4046 functorum
479 3979 622 4064 Insuper
644 3978 724 4061 dicti
748 3979 916 4064 capellani
938 3979 1019 4048 dicti
1042 3979 1184 4046 ecclesie
1202 3979 1291 4046 beati
1306 3977 1467 4060 nicholaij
1491 3999 1618 4044 annua·

261 4083 324 4150 tim
339 4083 492 4151 tabulam
508 4084 643 4150 solitam
659 4095 852 4170 coopertam
869 4085 1043 4152 situabunt
1059 4079 1160 4170 super
1174 4085 1420 4150 monimentum
1436 4085 1619 4150 eorundem

262 4186 442 4254 luminaria
463 4187 636 4254 inuenient
659 4197 697 4253 ut
720 4188 824 4254 moris
838 4198 890 4254 est
904 4187 940 4253 in
956 4187 1149 4254 huiusmodi
1171 4185 1411 4254 anniuersariis
1430 4188 1619 4270 ceteraque

264 4289 501 4357 Incumbentia
523 4289 698 4374 perficient
714 4291 780 4356 Pro
795 4290 916 4375 quibus
939 4290 1153 4357 intendantur
1174 4289 1350 4356 annuatim
1365 4289 1402 4355 in
1417 4311 1484 4356 vno
1506 4309 1619 4356 annuo

262 4392 394 4459 redditu
417 4391 526 4458 decim
550 4391 732 4458 solidorum
748 4393 876 4459 vsualis
899 4401 1033 4460 monete
1056 4392 1166 4460 scocie
1181 4395 1222 4460 de
1238 4403 1327 4460 terra
1342 4391 1444 4459 dauid
1467 4393 1568 4478 lynnc
1583 4391 1617 4458 in

261 4494 335 4580 iuty
364 4516 429 4581 que
454 4493 517 4562 fuit
547 4494 628 4562 olim
659 4494 831 4562 alexandri
860 4495 1025 4562 tailzeour
1053 4513 1176 4562 nouem
1207 4493 1332 4562 solidos
1363 4496 1409 4560 Et
1439 4493 1615 4562 duodecim

262 4596 418 4664 denarios
440 4598 481 4664 de
504 4606 593 4664 terra
615 4599 747 4666 Andree
768 4596 900 4680 vmfray
921 4596 956 4662 in
977 4595 1053 4662 vico
1074 4596 1243 4664 furcarum

908 4701 952 4749 rr
