4488 5996
612 671 674 738 262
915 649 919 658 '
991 669 1118 736 satura
1139 669 1177 734 a
1197 669 1425 756 areanorum
1447 668 1583 734 mmm

699 845 787 908 Item
803 844 891 928 quod
906 842 1020 912 nullus
1035 841 1231 926 capellanus
1246 842 1280 906 in
1296 842 1425 926 prelata
1449 839 1592 906 ecclesia
1607 837 1723 906 diuina
1738 837 1971 930 celebratums

611 946 751 1014 missam
775 957 926 1031 tempore
952 967 1074 1036 magne
1101 945 1203 1012 misse
1226 967 1285 1012 seu
1313 943 1551 1028 predicationis
1574 944 1637 1010 sub
1659 941 1755 1026 penis
1776 938 1910 1024 periurij
1934 947 1967 1004 et

612 1050 854 1128 satisfactionis
868 1049 1045 1114 duodecim
1062 1048 1272 1114 denariorum
1285 1051 1326 1114 de
1339 1047 1542 1130 communijs
1551 1055 1587 1112 et
1600 1044 1797 1112 accidentiis
1808 1042 1881 1110 suis
1895 1041 1968 1108 sine

611 1153 808 1220 remissione
828 1154 1047 1220 leuandorum
1070 1154 1116 1218 Et
1137 1155 1226 1236 quod
1249 1153 1361 1218 nullus
1380 1175 1400 1218 a
1419 1151 1533 1216 missis
1548 1153 1589 1216 de
1604 1149 1718 1234 requie
1735 1147 1886 1214 fundatis
1909 1168 1968 1211 seu

611 1259 792 1324 fundandis
811 1257 845 1322 in
865 1258 994 1342 prelata
1009 1257 1153 1324 ecclesia
1176 1276 1212 1324 se
1234 1266 1407 1322 remoucat
1430 1277 1535 1340 vsque
1559 1255 1660 1320 finem
1684 1253 1787 1320 misse
1810 1251 1969 1336 Et'quod

613 1361 713 1428 simul
737 1369 874 1426 cantent
898 1359 1011 1426 debita
1034 1359 1176 1426 seruicia
1199 1369 1232 1425 et
1256 1359 1480 1427 ebdomiderie
1503 1359 1703 1443 respondeat
1726 1355 1792 1422 nisi
1814 1355 1921 1440 petita
1936 1363 1970 1420 et

612 1465 751 1532 obtenta
767 1462 908 1530 licencia
924 1465 987 1530 sub
1002 1463 1195 1528 amissionis
1211 1463 1403 1530 communie
1418 1463 1509 1530 illius
1530 1462 1632 1528 misse
1648 1461 1770 1528 ceteris
1785 1458 1970 1544 capellanis

614 1567 725 1635 debite
741 1565 965 1634 seruientibus
980 1565 1190 1650 applicandis

702 1672 788 1736 Item
810 1669 889 1753 quia
909 1691 986 1754 egre
1001 1669 1174 1734 ferendum
1191 1678 1242 1734 est
1259 1669 1348 1752 quod
1370 1668 1507 1752 quidam
1528 1667 1617 1734 dicte
1638 1665 1778 1734 ecclesie
1801 1664 1967 1749 capellanj

614 1784 744 1840 secreta
759 1784 792 1839 et
808 1794 848 1840 ea
864 1795 928 1856 que
944 1783 1063 1838 sancta
1079 1781 1157 1838 sunt
1174 1771 1208 1836 in
1225 1771 1372 1856 capitulo
1388 1772 1475 1836 inter
1490 1771 1599 1838 dictos
1611 1770 1805 1855 capellanos
1819 1769 1895 1836 aliis
1911 1769 1970 1834 ibi·

614 1880 690 1943 dem
706 1897 773 1942 non
789 1875 1010 1940 existentibus
1026 1877 1177 1959 pandunt
1193 1884 1226 1940 et
1242 1873 1393 1940 reuelant
1409 1875 1516 1940 eciam
1533 1874 1610 1958 alijs
1625 1873 1810 1958 capellanis
1825 1884 1858 1938 et
1874 1872 1974 1938 laicis

614 2003 655 2048 ex
670 1979 791 2064 quibus
806 1977 1026 2044 ecclesiastici
1043 1977 1258 2062 multipharie
1346 1988 1464 2064 rantur
1478 1989 1511 2043 et
1528 1999 1568 2042 ea
1584 1999 1648 2062 que
1667 1979 1710 2043 ad
1728 1977 1970 2062 rempublicam

615 2095 648 2150 et
663 2083 845 2149 utilitatem
861 2081 1001 2148 ecclesie
1017 2081 1155 2146 minime
1171 2081 1330 2165 proficere
1346 2091 1471 2164 queant
1487 2081 1591 2147 immo
1608 2090 1775 2148 statutum
1792 2092 1825 2148 et
1840 2081 1974 2147 ordina·

615 2198 688 2255 tum
714 2197 766 2252 est
794 2186 883 2270 quod
909 2185 937 2250 si
965 2184 1022 2268 qui
1049 2184 1131 2250 talia
1155 2195 1345 2268 perpetrare
1370 2193 1505 2250 notetur
1528 2186 1571 2252 ab
1594 2185 1751 2250 omnibus
1773 2195 1806 2250 et
1830 2185 1972 2269 singulis

615 2289 817 2357 communiis
839 2297 873 2354 et
896 2287 1094 2353 accidentiis
1117 2286 1187 2352 suis
1215 2286 1292 2352 aliis
1313 2287 1497 2371 capellanis
1523 2288 1733 2372 applicandis
1759 2298 1792 2354 et
1819 2288 1972 2374 ingressu

615 2393 754 2480 capituli
778 2402 811 2458 et
834 2391 951 2458 auditu
975 2400 1179 2456 secretorum
1203 2390 1354 2456 eiusdem
1370 2412 1429 2474 per
1452 2412 1578 2456 annum
1603 2391 1752 2475 proxime
1775 2402 1971 2476 sequentem

615 2500 688 2564 sine
704 2519 798 2564 mora
813 2496 963 2580 priuetur
1449 2549 1452 2556 ,

703 2602 866 2669 Similiter
888 2610 1055 2667 statutum
1072 2610 1105 2665 et
1121 2601 1312 2667 ordinatum
1336 2610 1387 2666 est
1411 2601 1499 2684 quod
1522 2601 1637 2682 nullus
1659 2599 1801 2666 clericus
1816 2599 1851 2664 in
1868 2599 1974 2666 sacris

617 2707 789 2774 ordinibus
805 2705 943 2772 minime
964 2704 1170 2772 constitutus
1193 2705 1311 2778 sedilia
1333 2704 1532 2790 principalia
1555 2704 1636 2770 dicti
1652 2703 1745 2770 chori
1761 2703 1886 2770 intrare
1901 2726 1973 2788 pre-

617 2822 730 2880 sumat
755 2813 814 2878 sed
839 2811 956 2876 sedilia
981 2809 1149 2876 anteriora
1178 2809 1260 2875 dicti
1290 2809 1383 2876 chori
1413 2831 1472 2894 pro
1499 2809 1611 2894 pueris
1638 2808 1793 2874 ordinata
1821 2817 1979 2892 tempore.

617 2917 808 2984 diuinorum
825 2923 966 2998 occupet
982 2915 1044 2980 sub
1060 2935 1148 2998 pena
1163 2912 1341 2980 solutionis
1355 2911 1454 2978 vnius
1469 2911 1595 2998 denarij
1614 2911 1686 2978 sine
1701 2911 1898 2978 remissione
1913 2932 1974 2997 pro

617 3020 766 3108 qualibet
781 3017 854 3084 vice
868 3016 1022 3084 soluendi
1583 3007 1584 3012 ’

605 3293 610 3306 .
706 3243 915 3331 Quequidem
929 3245 1067 3310 Statuta
1082 3252 1244 3327 tanquam
1261 3242 1383 3310 rationi
1399 3263 1548 3310 consona
1564 3244 1607 3309 ad
1623 3243 1757 3310 laudem
1773 3241 1827 3308 dei
1838 3251 1872 3310 et
1884 3241 1974 3310 beati

621 3347 755 3432 nicolaij
778 3348 878 3414 simul
899 3346 1060 3416 sonancia
1079 3346 1341 3413 idem'dominus
1364 3346 1618 3412 commissarius
1640 3347 1842 3412 auctoritate
1865 3345 1975 3412 ordin·

619 3453 690 3520 aria
720 3451 918 3537 approbauit
948 3449 1129 3516 affirmauit
1156 3459 1190 3514 et
1216 3449 1397 3516 ratificauit
1427 3449 1615 3514 adiiciendo
1642 3471 1763 3533 penam
1791 3459 1828 3514 ut
1852 3447 1975 3533 singuli

619 3555 785 3641 capellani
802 3565 835 3620 et
852 3553 907 3638 alij
926 3553 1052 3638 prefate
1068 3551 1209 3616 ecclesie
1222 3551 1368 3616 ministri
1379 3549 1500 3616 futuris
1511 3551 1719 3634 temporibus
1732 3549 1977 3618 Inuiolabiliter

619 3683 660 3728 ea
679 3658 793 3726 omnia
808 3667 841 3723 et
858 3655 991 3740 singula
1014 3656 1193 3720 obsement
1209 3663 1242 3719 et
1258 3653 1396 3736 quilibet
1420 3675 1535 3720 eorum
1558 3655 1714 3722 obseruet
1737 3654 1800 3720 sub
1822 3651 1919 3738 penis
1941 3652 1976 3716 in

620 3765 746 3831 eisdem
766 3761 936 3830 contentis
953 3770 987 3826 et
1008 3759 1239 3844 suspensionis
1254 3780 1276 3824 a
1293 3759 1483 3824 diuinorum
1504 3758 1727 3824 celebratione
1743 3757 1778 3823 in
1793 3757 1978 3843 presbitros

620 3877 653 3936 et
669 3863 1030 3934 excommunicationis
1041 3861 1179 3928 maioris
1194 3861 1228 3926 in
1245 3861 1349 3928 laicos
1365 3883 1424 3928 seu
1440 3859 1612 3928 inferiores
1624 3871 1677 3928 etc

707 4093 898 4161 Alexander
912 4092 979 4176 hay
994 4089 1178 4157 canonicus
1193 4111 1233 4156 ac
1249 4089 1503 4156 commissarius
1520 4087 1753 4156 abirdonerisis
1769 4089 1812 4154 ad
1827 4089 1890 4154 hec

709 4199 880 4266 Iohannes
895 4195 1053 4280 dingwall
1070 4193 1136 4280 Qui
1152 4215 1253 4278 supra
1269 4214 1372 4260 manu
1388 4215 1450 4260 sua

710 4303 879 4370 Dominus
894 4303 1037 4368 andreas
1053 4321 1186 4383 cowper
1200 4321 1304 4365 manu
1320 4300 1453 4384 propria
1468 4301 1511 4364 ad
1527 4299 1589 4364 hec

708 4405 811 4474 dauid
826 4405 1023 4472 nicholsone
1038 4405 1081 4468 ad
1098 4401 1160 4468 hec
1176 4423 1279 4468 manu
1296 4403 1429 4487 propria

709 4512 866 4581 dominus
883 4512 1053 4578 lhoannes
1068 4510 1126 4576 red
1142 4529 1245 4574 manu
1261 4509 1395 4592 propria

708 4619 861 4686 robertus
877 4637 1019 4684 masoun
1035 4633 1138 4681 manu
1155 4613 1288 4698 propria
