4472 5992
343 1531 722 1642 Cortulorr'um
770 1527 1006 1638 Ecclosoo
1054 1527 1254 1638 Sancto
1295 1527 1561 1638 Alalaiou·

740 1725 795 1832 Α
806 1724 1137 1834 &arcionensis

887 2059 893 2090 ,
928 2009 956 2074 1.

646 2133 697 2198 Dr
720 2129 830 2216 legatis
851 2151 873 2197 a
894 2129 974 2196 iulio
996 2128 1178 2216 Capitulum
1203 2147 1243 2213 14

340 2257 471 2326 ORRO
494 2257 648 2323 modesta
664 2275 748 2340 pace
771 2251 864 2321 Scoti
888 2254 1071 2338 concordes
1087 2253 1196 2320 effecti
1212 2275 1290 2320 cum
1307 2251 1407 2338 pictis
1423 2273 1627 2338 suorumque

382 2381 560 2446 regnorum
585 2359 749 2426 limitibus
772 2360 873 2426 ambo
896 2357 1046 2424 contenti
1074 2357 1183 2424 multo
1205 2358 1359 2442 sequenti
1381 2368 1533 2446 tempore
1555 2381 1627 2444 reg·

265 2470 393 2537 nebant
419 2465 548 2532 nullam
576 2463 748 2532 alterutris
774 2462 965 2530 molestiam
994 2483 1053 2530 seu
1080 2463 1239 2548 quicquid
1267 2463 1392 2532 Iniurie
1418 2465 1628 2534 conterentes

264 2573 398 2641 fuerunt
415 2570 579 2656 siquidem
592 2591 632 2636 eo
644 2579 795 2654 tempore
810 2589 906 2653 reges
924 2567 1107 2635 monarche
1122 2567 1310 2639 britonibus
1322 2569 1378 2654 qui
1391 2579 1509 2655 gentes
1524 2571 1627 2638 unde·

266 2701 331 2765 que
354 2675 567 2754 circumsitas
590 2674 687 2742 bellis
709 2695 922 2759 nequaquam
945 2672 1141 2741 Iniuriando
1156 2676 1324 2744 vexabant
1343 2675 1401 2742 sed
1417 2673 1510 2742 omni
1533 2695 1628 2743 man·

266 2783 455 2854 suetudinis
481 2781 661 2852 clementia
688 2781 820 2849 cunctis
843 2779 1056 2848 concordiam
1081 2779 1258 2865 utrobique
1281 2789 1523 2850 conseruerunt
1549 2780 1627 2850 Tali

267 2911 413 2976 namque
428 2887 523 2975 pacis
545 2887 724 2956 concordia
747 2889 827 2956 dum
844 2896 966 2954 cuncte
985 2888 1048 2955 sub
1063 2886 1165 2955 circio
1180 2895 1298 2972 gentes
1320 2887 1508 2973 potirentur
1531 2891 1627 2958 Insu-

266 2997 343 3064 lane
366 2993 475 3064 Gaius
491 2989 600 3062 Iulius
622 2994 728 3062 Cesar
749 3001 930 3078 postquam
947 3003 1049 3077 ponte
1064 2993 1155 3060 iacto
1172 2995 1306 3062 Renum
1328 2993 1498 3062 transiens
1518 3003 1626 3063 totam

266 3099 483 3188 perteruisset
505 3097 714 3184 germaniam
738 3118 939 3182 omnemque
954 3097 1022 3164 iere
1042 3097 1180 3182 galliam
1202 3118 1267 3183 que
1282 3097 1370 3166 inter
1383 3099 1486 3185 Alpes
1501 3101 1627 3168 flumen

268 3207 448 3273 Rodanum
471 3205 604 3271 Renum
620 3212 654 3270 et
670 3201 846 3270 occianum
863 3211 914 3269 est
930 3202 1096 3287 gallorum
1111 3211 1246 3288 gentem
1262 3201 1505 3272 ferocissimam
1529 3205 1628 3273 annis

266 3311 300 3378 ix
326 3307 512 3379 domuisset
539 3331 617 3376 mox
643 3307 785 3376 britanis
811 3309 936 3378 bellum
967 3307 1082 3376 intulit
1108 3307 1231 3393 quibus
1264 3318 1378 3376 autem
1409 3307 1497 3378 sicut
1528 3310 1628 3377 refert

267 3415 547 3486 EUTROPIUS
573 3435 635 3482 nec
662 3434 785 3481 nomen
809 3413 943 3499 quidem
969 3416 1200 3480 Romanorum
1224 3412 1398 3499 cognitum
1421 3423 1472 3481 est
1497 3415 1627 3480 BEDA

266 3542 383 3589 verum
415 3519 560 3588 britania
591 3519 757 3586 Romanis
786 3539 892 3604 usque
923 3519 1080 3606 Gayaum
1112 3518 1237 3587 Iulium
1270 3539 1421 3586 cesarem
1453 3517 1627 3587 inaccessa

267 3633 369 3710 atque
399 3623 570 3710 incognita
591 3621 655 3690 luit
678 3623 735 3708 qui
761 3643 839 3691 cum
867 3621 956 3690 lucio
982 3621 1084 3690 bibilo
1111 3623 1229 3691 consul
1252 3623 1363 3691 iactus
1389 3645 1626 3709 germanorum

266 3729 424 3815 gentibus
449 3735 482 3796 et
509 3727 674 3813 gallorum
697 3727 885 3796 vel'teritis
907 3727 959 3796 vel
987 3727 1155 3813 superatis
1177 3727 1347 3796 britonum
1374 3750 1487 3814 regem
1514 3729 1627 3798 Cassi·

267 3833 417 3904 bilanum
448 3833 491 3901 ad
521 3833 725 3900 deditionem
760 3833 869 3918 coegit
904 3833 1184 3902 GALFRIDUS
1218 3833 1452 3902 Cassibilanus
1481 3833 1626 3918 vectigal

267 3939 410 4026 singulis
437 3937 536 4007 annis
555 3937 716 4030 librarum
740 3939 870 4024 argenti
893 3939 958 4007 tria
981 3937 1075 4006 milia
1099 3939 1186 4006 Iulio
1209 3939 1316 4007 cesari
1340 3939 1521 4026 spopondit
1545 3941 1626 4010 Ideo

266 4043 357 4113 vrbis
379 4043 514 4112 condite
534 4043 633 4110 Anno
655 4040 734 4129 703⁰
756 4053 790 4111 et
813 4053 893 4112 ante
915 4043 1120 4112 dominicam
1145 4043 1419 4112 lncamationem
1442 4042 1499 4130 49⁰
1522 4045 1627 4114 Cesar

1648 2149 1692 2202 lol.
1706 2147 1738 2202 1¹

266 4147 365 4216 victis
385 4147 574 4217 britonibus
596 4147 838 4233 aquilonalium
862 4149 1009 4234 partium
1033 4170 1128 4235 reges
1152 4149 1320 4216 consimili
1335 4150 1453 4216 volens
1475 4149 1626 4217 subicere
1673 4243 1675 4248 Ι

267 4253 346 4340 iugo
372 4253 547 4340 premissis
573 4253 682 4340 primo
709 4253 830 4340 legatis
856 4253 912 4340 qui
943 4277 1028 4341 quas
1058 4257 1194 4342 petebat
1221 4257 1264 4324 ab
1290 4255 1351 4322 eiis
1378 4255 1504 4323 seruari
1534 4255 1626 4341 leges

266 4369 470 4446 exponerent
493 4359 688 4446 pertransiit
712 4360 902 4428 Britaniam
923 4370 956 4428 et
980 4363 1022 4429 ad
1046 4383 1138 4429 mare
1162 4361 1327 4429 scoticum
1349 4383 1416 4446 quo
1437 4370 1520 4428 tunc
1541 4369 1626 4428 tem·

266 4461 358 4550 poris
394 4463 543 4532 brit-ones
573 4485 594 4530 a
624 4463 728 4530 scotis
761 4463 920 4532 disiuncti
950 4465 1082 4532 lucrant
1118 4487 1223 4550 vsque
1259 4464 1460 4550 perueniens
1488 4463 1523 4530 in
1553 4451 1626 4550 ripa

267 4567 417 4635 fluminis
439 4567 590 4636 eiusdem
606 4589 730 4653 magno
748 4569 896 4636 vallatus
918 4569 1065 4636 exercitu
1081 4591 1141 4655 per
1154 4577 1290 4655 tempus
1305 4569 1433 4654 aliquot
1448 4569 1626 4636 assedebat

270 4673 359 4762 Ipsis
384 4673 513 4744 interea
538 4684 708 4743 scotorum
735 4673 871 4760 regibus
895 4684 927 4742 et
952 4673 1119 4760 pictorum
1143 4697 1203 4764 per
1229 4673 1371 4744 nuncios
1400 4673 1536 4745 bifarias
1561 4673 1626 4743 cle·

945 4779 967 4831 Α
