4490 5990
580 685 667 767 120x
774 667 874 734 Carta
888 667 1092 754 samonis
1109 673 1169 756 pro
1190 667 1422 736 Annhoemario
1442 667 1583 756 raphani
1589 709 1591 714 ·
1603 667 1747 754 Balrony

501 915 506 928 ,
580 849 662 906 nota
677 861 737 924 pro
753 839 868 908 anima
883 863 960 908 mea
975 852 1009 908 et
1025 841 1140 910 anima
1156 843 1298 908 man'ote
1310 863 1433 927 sponse
1445 863 1520 910 mee
1535 841 1746 927 proliumque
1762 849 1795 908 et
1808 861 1940 908 succes·

580 964 694 1011 sorum
717 951 909 1010 nostrorum
932 967 973 1011 ac
995 945 1147 1012 omnium
1170 944 1320 1012 fidelium
1339 945 1573 1013 defunctorum
1595 944 1746 1011 Tantum
1767 964 1827 1029 pro
1847 942 1941 1009 omni

579 1045 646 1112 alio
667 1045 809 1115 seruicio
830 1047 973 1116 seculari
994 1047 1169 1114 exactione
1190 1048 1244 1114 uel
1265 1049 1434 1114 demanda
1453 1069 1518 1132 que
1534 1050 1574 1116 de
1590 1047 1689 1115 dictis
1710 1046 1941 1114 anniuersario

578 1147 699 1233 viginti
714 1149 898 1216 solidorum
921 1159 954 1216 et
978 1171 1091 1218 annuo
1113 1150 1245 1218 redditu
1269 1172 1328 1217 sex
1350 1151 1534 1218 solidorum
1550 1173 1628 1218 cum
1644 1149 1861 1236 pertinenciis
1881 1149 1941 1218 ali·

580 1250 725 1336 qualiter
738 1250 825 1336 exigi
841 1251 964 1337 poterit
980 1261 1039 1320 aut
1054 1252 1177 1338 requiri
1192 1255 1241 1320 Ac
1257 1253 1366 1320 eciam
1377 1253 1455 1320 volo
1470 1262 1503 1320 et
1519 1255 1667 1321 concedo
1679 1254 1768 1338 quod
1784 1252 1941 1320 dominus

580 1355 724 1422 andreas
745 1376 857 1420 serass
872 1355 1068 1440 capellanus
1084 1354 1202 1422 altaris
1220 1357 1317 1422 beate
1341 1356 1445 1423 marie
1461 1355 1611 1442 Virginis
1626 1378 1686 1443 pro
1701 1365 1775 1423 toto
1789 1365 1942 1440 tempore

580 1455 648 1522 vite
667 1479 727 1524 sue
750 1457 873 1524 habeat
896 1467 1099 1542 potestatem
1119 1457 1340 1526 distribuendi
1361 1459 1489 1527 dictum
1511 1457 1780 1526 anniuersarium
1803 1459 1942 1544 prefatis

581 1557 767 1644 capellanis
778 1569 814 1626 vt
830 1559 1059 1646 principaliter
1071 1560 1222 1649 ipsorum
1236 1561 1359 1627 melius
1370 1561 1651 1628 conuenientibus
1662 1561 1942 1630 interessentibus

581 1669 615 1727 et
635 1661 795 1729 continue
812 1661 1038 1730 residentibus
1053 1683 1130 1730 cum
1146 1663 1278 1730 decenti
1297 1663 1416 1731 habitu
1429 1663 1523 1730 horis
1539 1663 1722 1732 maioribus
1737 1663 1943 1752 quotidianis

581 1761 616 1829 in
633 1763 724 1831 dicta
739 1764 882 1832 ecclesia
898 1767 945 1832 Et
960 1765 1038 1832 inde
1057 1775 1134 1850 post
1149 1765 1223 1833 eius
1243 1768 1419 1834 decessum
1434 1766 1511 1834 volo
1532 1770 1621 1852 quod
1639 1767 1860 1836 distribuatur
1879 1768 1942 1836 eis·

582 1867 659 1933 dem
682 1867 868 1952 capellanis
890 1889 950 1953 per
972 1867 1198 1954 prouisionem
1213 1867 1324 1936 visum
1342 1879 1377 1936 et
1395 1869 1704 1938 consideracionem
1720 1869 1835 1956 vicarij
1852 1870 1942 1938 dicte

582 1969 725 2036 ecclesie
751 1979 785 2036 et
811 1970 978 2056 capellani
1000 1971 1117 2038 altaris
1140 1971 1230 2040 beati
1256 1971 1413 2058 stephanj
1441 1971 1593 2040 eiusdem
1620 1973 1677 2058 qui
1703 1995 1763 2060 pro
1789 1983 1942 2061 tempore

582 2071 706 2140 fuerint
721 2071 968 2158 imperpetuum
985 2075 1032 2140 Et
1047 2067 1110 2159 egb
1124 2095 1203 2140 vero
1218 2075 1369 2160 prefatus
1387 2074 1574 2161 stephanus
1590 2075 1737 2144 Balrone
1752 2085 1786 2143 et
1802 2076 1943 2146 heredes

584 2173 651 2240 mei
667 2184 700 2240 et
716 2174 782 2248 mei
799 2174 964 2260 assignati
979 2184 1090 2242 toturn
1102 2185 1136 2243 et
1148 2176 1316 2261 integrum
1333 2177 1603 2245 anniuersarium
1619 2178 1807 2264 predictum
1822 2178 1942 2264 viginti

584 2277 768 2346 solidorum
784 2287 818 2346 et
834 2299 984 2346 annuum
1000 2279 1168 2346 redditum
1192 2301 1250 2346 sex
1273 2279 1457 2347 solidorum
1473 2301 1551 2346 cum
1572 2280 1789 2366 pertinenciis
1804 2281 1943 2366 prelatis

584 2379 769 2464 capellanis
792 2389 825 2446 et
849 2380 1100 2448 successoribus
1123 2379 1193 2448 suis
1216 2390 1253 2448 ut
1276 2381 1483 2467 premittitur
1505 2393 1623 2450 contra
1640 2405 1760 2450 omnes
1782 2384 1943 2452 mortales

583 2482 887 2550 varrantizabimus
908 2483 1191 2568 aequiettabimus
1213 2493 1247 2551 et
1270 2484 1517 2570 imperpetuum
1541 2485 1760 2554 defendemus
1784 2489 1825 2554 In
1847 2487 1944 2554 euius

584 2585 631 2651 rei
655 2585 888 2655 testimonium
914 2585 994 2652 huic
1015 2586 1162 2672 presenti
1189 2587 1291 2656 Carte
1316 2609 1390 2654 mee
1414 2587 1569 2674 Sigillum
1597 2609 1710 2656 meum
1737 2599 1789 2656 est
1816 2611 1942 2676 appen-

585 2709 660 2754 sum
699 2689 746 2755 Et
775 2690 819 2756 ad
849 2687 1011 2756 maiorem
1047 2687 1148 2756 huius
1184 2689 1232 2774 rej
1271 2689 1481 2756 euidenciam
1520 2689 1676 2775 Sigillum
1714 2691 1844 2777 prouidi
1880 2691 1944 2759 viri

585 2789 757 2858 alexandri
787 2789 962 2858 blendseill
992 2789 1092 2858 vnius
1123 2790 1325 2858 balliuorum
1363 2791 1445 2858 dicti
1478 2792 1573 2878 burgi
1604 2801 1638 2858 et
1668 2791 1796 2860 datoris
1831 2793 1943 2861 sasine

584 2893 722 2960 domino
752 2893 876 2960 andree
906 2913 1018 2960 serass
1047 2893 1224 2978 capellano
1253 2892 1390 2960 nomine
1421 2902 1455 2961 et
1489 2915 1530 2960 ex
1560 2903 1656 2980 parte
1691 2895 1942 2981 capellanorum

584 2997 791 3084 prelatorum
816 2997 858 3064 de
884 2996 975 3066 dicto
1004 2995 1237 3065 anniuersario
1262 3005 1297 3063 et
1322 3017 1436 3064 annuo
1461 2996 1594 3064 redditu
1621 3019 1698 3064 cum
1726 2999 1944 3084 pertinenciis

585 3103 709 3190 apponj
747 3101 960 3189 presentibus
996 3123 1074 3169 cum
1105 3101 1275 3170 instancia
1304 3101 1480 3188 procurauj
1512 3104 1602 3189 apud
1637 3103 1765 3171 dictum
1799 3105 1942 3191 burgum

585 3217 706 3276 octavo
732 3207 786 3274 die
812 3205 940 3273 mensis
969 3205 1086 3291 marcij
1113 3207 1213 3272 Anno
1242 3204 1368 3291 dominj
1400 3204 1581 3272 millesimo
1612 3206 1944 3292 quadringentesimo

585 3308 864 3396 quinquagesimo
894 3318 1014 3394 quarto
1043 3307 1204 3376 Testibus
1233 3309 1391 3376 duncano
1420 3307 1488 3376 clat
1518 3307 1693 3378 Willelmo
1727 3311 1943 3379 eddendeach

586 3413 761 3481 Willelmo
784 3412 923 3498 cantuly
942 3411 1060 3478 thoma
1085 3414 1126 3477 de
1150 3429 1285 3478 camera
1308 3419 1342 3476 et
1366 3411 1466 3478 adam
1491 3411 1532 3476 de
1559 3411 1691 3478 craiurd
1723 3413 1945 3498 burgensibus

586 3516 668 3583 dicti
691 3515 786 3601 burgi
809 3513 994 3600 capellanis
1018 3513 1170 3580 Iohanne
1193 3513 1338 3580 modane
1365 3513 1517 3580 Iohanne
1545 3535 1709 3584 murrawe
1732 3524 1766 3582 et
1789 3517 1945 3584 duncano

585 3619 720 3706 yhonde
742 3617 889 3685 dominis
911 3625 945 3683 et
970 3617 1138 3684 malcomo
1160 3615 1263 3684 dakre
1282 3637 1348 3684 vno
1369 3615 1623 3702 sergiandorum
1644 3615 1726 3684 dicti
1746 3617 1842 3704 burgi
1867 3639 1944 3687 cum

587 3721 705 3790 multis
724 3731 758 3788 et
777 3718 920 3788 diuersis
941 3719 1018 3806 alijs

720 3912 796 3978 Hec
818 3917 870 3976 est
893 3929 973 3976 vera
995 3905 1093 3992 copia
1115 3903 1312 3992 principalis
1334 3914 1427 3974 carte
1447 3907 1617 3991 quondam
1634 3905 1790 3992 stephani
1808 3908 1946 3976 bairone

716 4015 856 4082 fundate
878 4011 920 4078 de
942 4009 1041 4076 terris
1063 4019 1097 4076 et
1120 4009 1243 4076 annuis
1265 4008 1451 4077 redditibus
1466 4010 1509 4076 ad
1525 4009 1633 4078 altare
1654 4010 1764 4076 sancti
1785 4011 1943 4098 stephanj

659 4095 684 4196 ἓ
717 4119 804 4186 inira
818 4115 997 4184 ecclesiam
1013 4113 1241 4200 parochialem
1257 4113 1348 4182 beati
1363 4113 1522 4198 nicholaij
1540 4123 1574 4180 et
1590 4115 1772 4180 concordat
1787 4115 1829 4181 de
1843 4115 1946 4182 verbo

627 4197 678 4298 §.3
718 4223 752 4292 in
778 4223 917 4290 verbum
944 4243 1023 4290 cum
1050 4243 1112 4288 suo
1141 4220 1295 4305 originali
1321 4241 1381 4305 per
1406 4241 1461 4286 me
1487 4219 1700 4288 Willelmum
1731 4219 1947 4306 philipsoune

626 4300 685 4418 ἕξ.
718 4327 888 4396 notarium
918 4326 1091 4412 publicum
1125 4325 1260 4410 copiata
1296 4327 1386 4410 quod
1423 4333 1591 4410 protestor
1619 4345 1680 4410 per
1710 4325 1946 4412 cirographum

660 4419 678 4509 Ε
719 4453 833 4500 meum
850 4430 929 4498 huic
945 4441 1038 4498 carte
1053 4429 1246 4516 appositum
1263 4429 1335 4497 siue
1351 4429 1429 4496 huic
1445 4429 1540 4514 copie
1559 4429 1750 4496 auctentice
