4490 5990
657 703 809 770 Redditus
831 704 943 770 claris
964 710 1066 770 samir
1086 705 1185 770 mucis
1559 721 1600 788 59

241 877 329 944 inter
349 885 474 944 terram
499 875 631 943 heredis
658 877 827 962 quondam
849 876 1000 944 vilhelmi
1024 875 1110 962 pulti
1133 899 1173 944 ex
1195 885 1291 963 parte
1312 875 1454 944 australi
1476 885 1510 944 et
1533 883 1598 944 ter-

241 1005 314 1051 ram
346 983 509 1052 Iohannis
538 981 739 1050 mathosone
765 1005 806 1050 ex
835 993 931 1068 parte
958 983 1082 1052 boreali
1107 985 1153 1051 Et
1180 986 1221 1051 de
1248 983 1359 1051 media
1385 990 1481 1070 parte
1509 989 1597 1050 terre

241 1087 409 1155 interioris
435 1087 585 1156 eiusdem
608 1087 756 1154 Iacen'tis
776 1087 865 1154 inter
884 1097 1008 1156 terram
1031 1087 1183 1156 vilhelmi
1206 1090 1414 1158 adamsoune
1438 1107 1480 1154 ex
1501 1096 1597 1172 parte

240 1191 441 1260 occidentali
479 1201 512 1260 et
545 1213 761 1260 communem
798 1191 965 1260 venellam
999 1191 1127 1280 regiam
1162 1213 1228 1280 qua
1262 1192 1329 1260 itur
1363 1193 1407 1261 ad
1444 1199 1595 1259 montem

239 1295 340 1384 castri
358 1296 439 1364 dicti
455 1297 551 1384 burgi
567 1319 608 1364 ex
630 1307 726 1384 parte
741 1296 896 1366 orientali
920 1299 963 1366 ob
978 1299 1146 1366 desectum
1163 1295 1346 1366 solucionis
1368 1295 1471 1384 annuj
1487 1293 1596 1364 reddi·

238 1411 295 1470 tus
320 1403 439 1489 vigIntj
471 1403 655 1470 solidorum
686 1413 821 1472 monete
851 1403 960 1472 scocie
989 1403 1091 1472 dictis
1121 1403 1285 1472 altaribus
1314 1411 1352 1470 ut
1382 1403 1596 1470 asserebatur

238 1507 361 1576 debitis
376 1511 417 1576 de
432 1509 559 1602 eisdem
576 1517 609 1576 et
625 1531 646 1577 a
661 1509 771 1596 longis
786 1509 994 1596 temporibus
1009 1531 1077 1577 non
1093 1508 1215 1578 solutis
1230 1507 1362 1597 Quibus
1382 1505 1596 1595 processibus

238 1613 308 1680 alta
324 1622 357 1680 et
380 1613 582 1700 intelligibili
597 1637 681 1682 voce
701 1615 858 1702 perlectis
878 1613 913 1681 in
929 1615 1032 1702 plana
1050 1615 1143 1682 curia
1161 1613 1299 1700 capitali
1322 1611 1448 1680 auditis
1471 1611 1595 1698 allega·

239 1717 392 1786 cionibus
406 1719 580 1806 vtriusque
594 1719 701 1806 partis
723 1719 897 1788 hincinde
912 1729 945 1788 et
966 1719 1152 1806 euidencijs
1167 1717 1270 1787 cautis
1288 1727 1323 1784 et
1336 1715 1596 1786 fundacionibus

238 1843 354 1890 eorum
385 1825 558 1911 productis
591 1825 738 1892 ostensis
776 1824 939 1912 inspectis
972 1834 1005 1893 et
1038 1824 1221 1892 intellectis
1256 1821 1407 1910 prefatus
1436 1821 1595 1890 dominus

238 1927 431 1997 allexander
455 1931 533 1999 club
559 1930 697 1998 nomine
720 1953 786 2016 quo
812 1953 914 2017 supra
940 1930 1042 2018 peeijt
1069 1951 1146 1998 curn
1173 1927 1342 1998 instancia
1367 1930 1409 1996 de
1435 1927 1595 2015 predictis

237 2033 338 2100 terris
361 2055 439 2102 cum
462 2035 681 2122 pertinencijs
702 2035 766 2104 sibi
781 2035 853 2104 dari
877 2035 966 2110 Iuris
985 2043 1019 2102 et
1043 2033 1182 2104 Iusticie
1204 2033 1495 2120 complemmtum
1506 2031 1595 2100 vade

236 2135 319 2206 bora
335 2139 400 2208 diei
422 2141 588 2228 legittime
603 2151 802 2228 exspectata
815 2141 936 2210 ceteris
951 2163 1019 2228 que
1032 2140 1182 2228 peractis
1194 2163 1258 2228 que
1274 2143 1357 2210 ordo
1379 2140 1468 2211 IurIs
1489 2138 1595 2226 exigit

235 2255 269 2312 et
295 2245 433 2330 requirit
460 2245 553 2314 curia
579 2248 664 2314 bene
690 2256 724 2314 et
751 2256 882 2316 mature
908 2245 1043 2314 arrisata
1067 2245 1208 2316 bedellis
1230 2245 1459 2316 clamantibus
1483 2244 1514 2314 si
1535 2243 1592 2332 qm

235 2359 349 2416 essent
370 2351 413 2418 ad
434 2353 671 2437 opponendum
692 2351 991 2418 contradicendum
1006 2351 1059 2418 vel
1076 2350 1189 2437 aliqua
1205 2350 1272 2420 alia
1287 2352 1330 2419 ad
1346 2351 1592 2420 ostendendam

234 2453 286 2520 vel
303 2453 483 2522 dicendum
494 2465 613 2524 contra
627 2455 737 2524 dictos
749 2477 927 2542 processus
943 2457 991 2524 Et
999 2455 1103 2525 nullis
1119 2455 1368 2542 opponentibus
1381 2475 1447 2524 nec
1459 2463 1592 2524 conua-

235 2559 423 2628 dicentibus
439 2562 610 2630 decretum
622 2561 685 2630 luit
701 2583 760 2648 per
774 2561 902 2629 curiam
918 2571 952 2630 et
968 2562 1086 2630 datum
1101 2581 1162 2646 pro
1179 2559 1379 2648 Iudicioper
1390 2558 1591 2646 osvilhelmj

235 2665 353 2732 senen
363 2663 559 2734 indicatoris
571 2665 663 2734 cun'e
674 2667 764 2752 quod
779 2666 891 2734 dietus
903 2664 1060 2736 dominus
1071 2664 1265 2734 allexander
1280 2664 1358 2734 cluh
1373 2663 1510 2732 nomine
1524 2683 1594 2750 quo

234 2791 337 2854 supra
351 2771 584 2856 possessiones
599 2780 632 2838 et
648 2771 888 2858 proprietatem
904 2771 1071 2840 dictarum
1090 2779 1255 2838 terrarum
1276 2791 1355 2838 cum
1373 2767 1594 2858 pertinenciis

233 2894 379 2942 vnacum
409 2873 516 2942 firmis
542 2885 576 2944 et
606 2875 881 2962 peruenientibus
910 2877 1091 2944 carumdem
1122 2873 1290 2962 legittime
1310 2873 1522 2961 recuperauit
1547 2875 1591 2944 ob

234 2977 401 3046 deiectum
418 2979 600 3048 solucioais
616 2980 719 3048 annui
734 2980 886 3048 redditus
901 2981 1069 3066 prenotatj
1091 2989 1291 3066 perpetuum
1307 2977 1484 3048 silentium
1499 2976 1593 3047 dittto

233 3081 370 3150 domino
392 3085 536 3152 Iohanni
559 3087 702 3152 modane
718 3107 758 3154 ac
781 3084 938 3154 omnibus
954 3085 1031 3172 alijs
1046 3085 1247 3156 infuturum
1270 3084 1407 3170 aliquod
1422 3083 1589 3152 clamem

232 3188 509 3272 pretendentibus
528 3188 732 3275 imponendo
750 3190 792 3256 de
807 3199 841 3258 et
857 3211 959 3274 super
977 3187 1274 3275 quibus'omnibus
1296 3197 1331 3256 et
1353 3185 1497 3272 singulis
1517 3207 1589 3272 pre·

230 3293 322 3362 fatus
334 3295 492 3364 dominus
506 3295 699 3364 allexander
713 3295 801 3364 Club
816 3305 952 3364 nostras
963 3293 1080 3362 literas
1090 3291 1340 3362 testimoniales
1350 3291 1416 3361 sibi
1425 3290 1498 3377 dari
1510 3311 1590 3360 cum

232 3397 402 3468 instancia
416 3400 518 3486 pecijt
534 3421 618 3486 quas
634 3399 698 3468 sibi
713 3399 946 3468 concessimus
962 3399 1081 3486 Sigillo
1096 3409 1213 3468 nostro
1226 3399 1372 3468 rotundo
1386 3418 1453 3483 quo
1463 3395 1591 3464 mmm

231 3505 273 3570 a‘d
290 3525 411 3573 causas
427 3505 613 3572 munimine
633 3507 808 3573 roboratas
823 3506 857 3572 in
873 3506 1107 3574 testimonium
1121 3504 1275 3574 veritatis
1289 3506 1388 3572 Anno
1403 3502 1457 3572 die
1472 3521 1589 3570 mense

231 3617 264 3676 et
291 3609 366 3677 loco
391 3611 594 3696 supradictis
617 3611 740 3679 Coram
768 3611 835 3698 hijs
858 3611 1003 3679 testibus
1027 3611 1173 3678 Ricardo
1196 3609 1318 3696 kyntor
1341 3607 1493 3676 Iohanne
1515 3625 1590 3674 mar

229 3715 365 3783 Andrea
387 3715 478 3804 alanj
508 3717 643 3784 Andrea
670 3717 808 3784 scherar
832 3715 934 3784 dauid
959 3715 1111 3784 colisoun
1137 3713 1273 3800 Thoma
1297 3713 1361 3802 tyn
1381 3711 1517 3812 Tboma
1546 3711 1588 3778 dc

229 3841 364 3889 camera
390 3823 593 3890 Allexandro
619 3821 813 3909 blyndesele
830 3811 951 3890 'Dauid
974 3821 1176 3890 mathosone
1203 3819 1353 3889 Roberto
1374 3815 1517 3906 gillespy
1539 3815 1587 3902 Et

228 3925 381 4014 philippo
396 3929 560 3997 dumbrek
575 3927 731 3996 seriando
746 3937 780 3996 et
796 3927 940 3996 diuersis
954 3925 1031 4014 alijs
1046 3935 1100 3994 etc

315 4033 458 4101 Summa
481 4033 637 4101 Rentalis
657 4033 845 4120 capellanie
867 4041 987 4102 sancte
1009 4031 1118 4100 crucis
1139 4029 1172 4098 le
1190 4030 1316 4098 brovne
1340 4023 1450 4095 eroice
1466 4032 1587 4092 vocate

227 4135 260 4224 vj
276 4137 323 4207 lib
338 4137 424 4226 xiijs
439 4137 520 4226 iiijd

314 4347 401 4412 Item
425 4347 467 4413 de
484 4347 630 4432 quodam
654 4345 760 4413 crofto
782 4344 946 4413 Iohannis
964 4345 1147 4432 colysoune
1165 4347 1323 4410 vocatum
1350 4337 1383 4405 le
1405 4335 1475 4426 kyll
1500 4335 1585 4404 croit

224 4447 458 4516 descendendo
480 4471 502 4516 a
523 4449 555 4516 le
578 4449 646 4534 kyll
669 4467 778 4535 usque
804 4451 847 4517 ad
870 4449 946 4516 loch
970 4447 1055 4516 croit
1081 4447 1231 4515 eiusdem
1254 4441 1320 4529 vicj
1349 4443 1433 4510 duos
1459 4438 1586 4507 solidos

225 4551 312 4618 Item
331 4553 373 4619 de
388 4553 534 4638 quadam
552 4562 643 4620 terra
660 4555 797 4622 Iacente
813 4553 847 4619 ln
863 4553 895 4621 le
910 4574 1014 4640 grene
1030 4552 1119 4620 inter
1133 4559 1259 4619 terram
1278 4547 1440 4616 heredum
1453 4542 1585 4630 'roberti

224 4656 311 4726 Club
340 4679 382 4724 ex
411 4667 506 4744 parte
537 4658 655 4728 boriali
681 4681 722 4726 ex
747 4679 814 4726 vna
844 4667 877 4725 et
907 4668 1020 4726 ortum
1050 4655 1185 4744 gilbertj
1216 4651 1388 4722 murisone
1417 4671 1459 4718 es
1487 4657 1584 4736 parte
