4488 5996
635 600 697 668 232
1127 580 1399 648 emorousae
1420 581 1506 648 „uo

634 757 706 825 iesu
722 756 839 824 christi
855 765 955 841 prout
965 755 1001 822 in
1013 773 1150 840 corpore
1165 775 1345 840 gessumus
1361 754 1433 822 siue
1449 755 1574 822 bonum
1591 754 1663 822 siue
1678 755 1807 824 malurn
1826 755 1993 842 recepturi

634 861 769 928 Bonum
786 867 837 926 est
860 857 963 942 igitur
980 857 1068 924 diem
1092 857 1232 941 extremj
1257 857 1371 941 iudicij
1388 858 1544 942 operibus
1567 857 1794 926 misericordie
1817 861 1992 946 preuenire

633 964 687 1031 hic
710 973 746 1029 vt
770 963 939 1029 seminata
961 961 995 1026 in
1018 959 1117 1026 terris
1140 959 1319 1044 multiplici
1341 961 1452 1028 fructu
1475 961 1632 1045 colligere
1654 961 1829 1030 valeamus
1853 963 1886 1028 in
1910 963 1992 1030 celis

575 1145 579 1156 ἱ
633 1065 807 1132 Noueritis
834 1085 888 1130 me
915 1063 1017 1148 igitur
1039 1061 1261 1128 inhonorem
1288 1062 1342 1142 dei
1369 1061 1611 1148 omnipotentis
1635 1065 1831 1132 beatissime
1852 1065 1992 1152 virginis

632 1169 737 1236 marie
752 1191 793 1234 ac
809 1167 961 1234 omnium
977 1173 1172 1232 sanctorum
1196 1163 1332 1230 celestis
1347 1164 1438 1232 curie
1453 1186 1513 1249 pro
1529 1165 1640 1234 salute
1654 1165 1767 1232 anime
1789 1188 1864 1234 mee
1878 1167 1991 1236 anime

632 1282 821 1360 margarete
833 1271 920 1339 moir
930 1270 1042 1338 vxoris
1051 1291 1126 1336 mee
1138 1270 1282 1355 prolium
1298 1279 1490 1337 nostrorum
1502 1281 1680 1356 parentum
1692 1281 1726 1338 et
1739 1273 1990 1342 benefactorum

631 1389 824 1446 nostrorum
847 1395 1029 1460 eorumque
1044 1375 1196 1444 omnium
1212 1397 1233 1442 a
1248 1375 1370 1459 quibus
1392 1375 1506 1460 aliqua
1522 1377 1610 1442 bona
1626 1377 1740 1446 minus
1761 1377 1850 1446 iuste
1873 1379 1991 1448 habui·

632 1505 709 1550 mus
724 1505 764 1550 ae
780 1482 969 1550 animarum
994 1479 1145 1548 omnium
1161 1480 1395 1548 defunctorum
1411 1480 1561 1548 fidelium
1578 1481 1711 1548 dedisse
1731 1483 1940 1552 concessisse
1955 1495 1989 1554 et

632 1587 696 1652 bac
720 1593 876 1670 presente
903 1593 997 1650 carta
1021 1603 1098 1650 mea
1123 1583 1342 1648 confirmasse
1369 1583 1510 1648 Necnon
1534 1592 1650 1650 tenore
1676 1585 1884 1670 presentium
1909 1589 1989 1656 dare

632 1692 815 1758 concedere
830 1698 864 1754 et
880 1688 944 1754 hac
961 1696 1115 1771 presente
1127 1696 1222 1754 carta
1238 1707 1314 1752 mea
1329 1686 1528 1754 confirmare
1543 1675 1698 1754 discretis
1708 1688 1790 1754 viris
1804 1691 1989 1776 capellanis

631 1795 725 1861 clrori
737 1793 878 1862 ecclesie
889 1791 1109 1878 perrochialis
1120 1791 1189 1876 diuj
1207 1791 1365 1876 nicholeij
1382 1793 1424 1859 de
1436 1791 1594 1872 abirdene
1606 1803 1767 1860 eteorum
1780 1795 1989 1864 Successori·

631 1899 694 1966 bus
723 1897 908 1983 capellanis
937 1895 1018 1964 dieti
1045 1895 1138 1964 chori
1165 1897 1294 1964 Omnes
1318 1905 1351 1962 et
1376 1896 1528 1982 singulos
1554 1919 1685 1964 annuos
1710 1899 1863 1968 redditus
1892 1923 1987 1970 meos

631 2001 838 2086 subscriptos
861 2022 939 2067 cum
962 1999 1178 2086 pertinenciis
1200 1999 1355 2066 videlicet
1378 2021 1482 2066 vnum
1506 2022 1658 2068 annuum
1681 2003 1849 2070 redditum
1873 2027 1987 2073 meum

629 2106 749 2191 viginti
772 2105 956 2172 solidorum
978 2104 1106 2172 usualis
1131 2113 1266 2170 monete
1289 2103 1383 2190 regni
1410 2105 1516 2172 scotie
1542 2106 1720 2174 annuatim
1747 2120 1925 2178 exeuntem
1953 2122 1986 2178 et

629 2211 811 2278 leuandum
835 2211 877 2276 de
899 2230 966 2276 vna
988 2217 1078 2276 terra
1100 2208 1262 2294 burgagia
1285 2229 1362 2276 cum
1385 2209 1602 2296 pertinenciis
1626 2212 1764 2278 Iacente
1782 2234 1823 2278 ex
1846 2215 1986 2284 australi

628 2325 723 2401 parte
745 2315 810 2382 vici
833 2313 972 2382 nauium
996 2313 1077 2380 dieti
1101 2313 1197 2398 burgi
1213 2313 1301 2381 inter
1322 2323 1447 2382 terram
1463 2317 1634 2400 quondam
1658 2316 1822 2384 Iohannis
1845 2318 1925 2386 blak
1946 2341 1987 2388 ex

627 2421 782 2488 orientali
798 2441 839 2488 ex
848 2441 916 2488 vna
930 2429 964 2488 et
977 2429 1101 2486 terram
1118 2419 1374 2486 communitatis
1390 2421 1486 2506 burgi
1501 2421 1544 2488 de
1555 2420 1713 2488 abirdene
1728 2442 1770 2488 ex
1784 2421 1985 2492 occidentali

626 2526 778 2611 pertibus
807 2526 850 2593 ab
887 2525 995 2592 altera
1025 2525 1071 2590 Et
1107 2545 1322 2592 communem
1352 2524 1443 2592 viam
1479 2525 1607 2612 regiam
1638 2547 1755 2592 versus
1784 2527 1921 2596 boream
1951 2538 1985 2594 et

625 2639 808 2696 torrentem
836 2638 953 2697 sancte
977 2627 1140 2696 trinitatis
1163 2651 1281 2698 versus
1310 2639 1464 2699 austrum
1490 2632 1540 2696 Ac
1566 2629 1670 2698 etiam
1696 2652 1801 2700 vnum
1832 2653 1983 2700 annuum

625 2733 792 2800 redditum
809 2754 922 2800 meum
938 2741 1015 2800 octo
1031 2732 1214 2800 solidorum
1230 2733 1400 2800 antedicte
1416 2741 1551 2800 monete
1562 2733 1740 2800 annuatim
1756 2744 1934 2802 exeuntem
1951 2745 1984 2802 et

625 2839 808 2906 leuandum
823 2841 865 2904 de
880 2837 940 2904 illa
954 2846 1045 2904 terra
1059 2836 1222 2922 burgagio
1237 2858 1315 2904 cum
1339 2835 1556 2924 pertinenciis
1573 2838 1710 2904 lecente
1725 2858 1767 2904 ex
1782 2837 1983 2906 occidentali

625 2953 721 3030 perte
735 2943 800 3010 vici
815 2943 985 3011 furcarum
1001 2941 1083 3010 dicti
1106 2942 1202 3027 burgi
1219 2941 1307 3010 inter
1322 2951 1446 3008 terram
1463 2941 1612 3026 Villelrnj
1635 2942 1786 3008 mathew
1800 2963 1842 3008 ex
1856 2941 1982 3010 boreali

624 3069 666 3116 ex
680 3069 747 3116 vna
764 3050 809 3114 Et
832 3058 957 3116 terram
979 3049 1151 3132 quondam
1173 3047 1312 3134 villelmj
1331 3047 1403 3114 mill
1422 3069 1463 3114 ex
1477 3047 1619 3116 australi
1642 3048 1795 3134 partibus
1810 3048 1852 3116 ab
1874 3049 1982 3116 altera

625 3153 672 3221 Et
702 3173 900 3221 communes
932 3152 1006 3220 vias
1035 3153 1146 3238 regias
1174 3173 1292 3220 versus
1320 3151 1433 3222 oriens
1462 3161 1496 3222 et
1526 3152 1684 3221 occidens
1713 3154 1757 3222 ad
1786 3154 1873 3222 duos
1901 3153 1980 3240 annj

623 3260 788 3326 terminos
810 3259 946 3326 usuales
969 3267 1183 3344 pentecostes
1204 3258 1360 3326 videlicet
1381 3268 1416 3324 et
1439 3258 1549 3328 suncti
1572 3257 1709 3328 martini
1731 3258 1768 3324 in
1788 3257 1900 3328 hieme
1922 3279 1982 3344 per

623 3363 762 3448 equales
776 3365 861 3430 duas
877 3363 1006 3430 medias
1021 3361 1193 3448 portiones
1207 3363 1373 3433 TENEN
1379 3363 1469 3430 DAS
1484 3371 1518 3428 et
1533 3363 1707 3430 habendas
1724 3361 1795 3446 [sic]
1814 3381 1933 3428 omnes
1948 3370 1981 3428 et

623 3467 775 3554 singulos
798 3468 907 3534 dictos
929 3487 1060 3534 annuos
1086 3467 1238 3538 redditus
1263 3466 1511 3553 suprascriptos
1537 3487 1614 3534 cum
1641 3465 1858 3552 pertinenciis
1882 3464 1982 3532 dictis

623 3573 808 3659 capellanis
822 3584 856 3640 et
872 3593 987 3640 eorum
1005 3573 1263 3642 successoribus
1277 3573 1417 3659 capituli
1433 3573 1514 3641 dicti
1530 3573 1624 3640 clrori
1639 3577 1668 3640 A
1684 3593 1738 3640 me
1753 3569 1932 3639 heredibus
1947 3581 1981 3638 et

623 3679 806 3764 assignatis
822 3679 907 3744 meis
919 3680 960 3746 de
972 3699 1129 3764 supremo
1140 3679 1277 3748 domino
1290 3689 1406 3746 nostro
1417 3699 1494 3763 rege
1506 3687 1540 3744 et
1552 3677 1624 3744 suis
1635 3675 1885 3744 successoribus
1897 3675 1981 3760 regi·

623 3786 687 3851 bus
695 3782 1211 3868 scotieinpursmetperpetuam
1222 3783 1435 3851 elimosinam
1446 3785 1701 3867 Imperpetuum
1711 3782 1798 3848 Cum
1808 3779 1980 3864 omnijure

622 3897 657 3952 et
674 3886 892 3952 Iurisclameo
907 3886 1007 3954 tit-ulo
1023 3887 1226 3972 proprietate
1242 3897 1275 3954 et
1291 3886 1504 3973 possessione
1515 3887 1565 3954 Ac
1580 3907 1658 3954 cum
1673 3885 1886 3953 omnibusne
1902 3882 1980 3968 alijs

622 3990 765 4076 singulis
780 3989 991 4058 libertatibus
1007 3991 1303 4058 commoditatibus
1319 3999 1352 4058 et
1369 3989 1567 4058 asiamentis
1582 4011 1622 4056 ac
1644 3988 1744 4056 iustis
1761 3987 1979 4073 pertinenciis

622 4095 877 4179 quibuscunque
886 4093 983 4178 ‘Tam
1006 4116 1074 4162 non
1098 4095 1284 4162 nominatis
1309 4116 1412 4179 quam
1438 4094 1623 4164 nominatis
1645 4093 1820 4162 addictos
1846 4113 1978 4158 annuos

621 4197 773 4266 redditus
797 4219 875 4264 cum
902 4198 1119 4282 pertinenciis
1145 4199 1377 4283 spectantibus
1401 4221 1461 4267 seu
1491 4199 1579 4267 iuste
1603 4207 1756 4284 spectare
1785 4195 1977 4264 valentibus

622 4303 873 4388 quomodolibet
889 4303 924 4370 in
939 4303 1088 4370 futurum
1112 4303 1214 4372 libere
1230 4305 1342 4388 quiete
1365 4303 1513 4388 plenarie
1535 4303 1663 4388 integre
1686 4301 1870 4368 honorifice
1893 4301 1978 4368 bene

621 4417 655 4473 et
674 4407 709 4471 in
724 4427 808 4490 pace
832 4407 912 4474 Sine
935 4407 1176 4491 impedimento
1199 4408 1375 4474 obstaculo
1397 4417 1456 4474 aut
1479 4405 1699 4474 reuocacione
1722 4404 1978 4490 quibuscunque

623 4511 851 4598 Quamobrem
865 4511 948 4578 dieti
972 4512 1137 4598 capellsnj
1154 4523 1188 4578 et
1212 4511 1264 4578 sui
1288 4533 1500 4602 successores
1515 4511 1596 4578 dicti
1618 4509 1783 4598 capellanj
1802 4507 1895 4577 chori
1914 4529 1978 4596 ‚pro
