4460 5984
697 667 796 734 Carta
811 667 1010 752 sudationis
1032 665 1186 754 madir
1562 689 1626 754 aas

268 838 330 904 tim
357 861 417 925 per
442 841 637 925 capellanos
665 841 758 924 chorj
786 839 927 906 ecclesie
955 839 1044 908 beati
1071 839 1205 924 nicolaij
1234 842 1274 907 de
1301 839 1459 908 abirdene
1481 841 1516 908 in
1538 842 1624 910 festo

267 945 419 1012 omniurn
445 955 640 1014 sanctorum
666 949 710 1014 ad
735 947 842 1014 altare
869 947 958 1014 beati
982 947 1166 1032 ,sebastiani
1195 945 1343 1014 martiris
1370 969 1448 1014 curn
1474 949 1624 1034 exequiis

266 1049 499 1118 defunctorum
529 1051 669 1135 placebo
691 1061 724 1118 et
747 1051 852 1138 dirige
875 1052 910 1118 in
931 1051 1047 1137 vigilia
1069 1052 1220 1120 eiusdem
1243 1075 1320 1122 cum
1344 1053 1449 1120 missa
1474 1055 1515 1122 de
1542 1063 1623 1122 nota

267 1165 407 1223 cantata
421 1156 455 1222 in
476 1157 530 1223 die
552 1167 586 1224 et
609 1157 773 1242 trigintali
797 1179 856 1242 per
877 1159 1084 1226 ebdomitam
1099 1169 1135 1224 vt
1151 1159 1255 1226 moris
1271 1169 1372 1226 estet
1388 1160 1548 1228 collector
1563 1182 1622 1246 pro

266 1267 417 1345 tempore
441 1261 580 1330 situabit
603 1263 756 1330 tabulam
781 1285 882 1348 super
905 1275 1163 1331 monumentum
1190 1266 1348 1332 decenter
1369 1275 1563 1349 coopertam
1586 1275 1621 1332 vt

266 1366 370 1432 moris
393 1376 443 1432 est
460 1367 640 1434 luminaria
655 1389 714 1434 seu
731 1389 845 1436 cereos
863 1367 1012 1434 inueniet
1034 1368 1190 1454 expensis
1213 1369 1464 1454 capellanorum
1480 1390 1621 1455 proquo

267 1469 401 1552 quidem
429 1471 660 1540 anniuersario
687 1473 907 1541 Inleodantur
928 1474 970 1539 de
992 1473 1111 1558 vigintj
1140 1473 1256 1540 solidis
1279 1475 1320 1540 de
1343 1477 1488 1559 quodam
1516 1475 1621 1542 croito

265 1591 355 1640 nunc
371 1575 559 1658 pertinente
574 1577 698 1642 andree
713 1596 849 1661 murray
865 1575 987 1660 seniorj

353 1853 475 1920 Obitus
493 1856 661 1940 quondam
685 1856 771 1922 bone
795 1853 954 1920 memorie
970 1855 1102 1922 Andree
1117 1855 1244 1922 branch
1260 1865 1293 1922 et
1310 1877 1369 1922 sue
1386 1877 1509 1941 sponse
1525 1857 1619 1924 Cele-

263 1957 413 2024 brabitur
435 1959 611 2026 annuatim
635 1982 694 2046 per
715 1961 910 2048 capellanos
933 1959 1063 2046 collegij
1092 1959 1181 2028 beati
1204 1961 1372 2046 nycholaij
1398 1962 1439 2028 de
1462 1961 1619 2028 abirdene

263 2059 298 2128 in
314 2063 482 2132 dominica
498 2063 692 2132 immediate
708 2075 787 2132 ante
804 2063 1038 2132 ascencionem
1061 2064 1189 2132 domini
1212 2066 1255 2132 ad
1278 2065 1384 2132 altare
1400 2065 1490 2132 beati
1506 2066 1618 2132 sebas·

263 2166 347 2254 tianj
365 2169 512 2236 martiris
527 2193 605 2238 cum
625 2171 730 2238 missa
745 2173 785 2238 de
801 2181 883 2238 nota
898 2181 931 2240 et
947 2171 1117 2256 trigentalj
1142 2192 1202 2256 per
1225 2172 1448 2238 ebdomadam
1463 2181 1499 2238 vt
1515 2172 1619 2238 moris

263 2283 315 2342 cst
337 2296 398 2361 pro
421 2299 487 2362 quo
510 2276 724 2346 intendantur
746 2277 827 2346 dicti
850 2278 1015 2364 capellanj
1033 2277 1200 2346 indecem
1224 2277 1341 2346 solidis
1363 2279 1404 2344 de
1426 2287 1517 2346 terra
1537 2277 1618 2346 olim

260 2377 381 2446 valteri
397 2401 512 2448 mains
528 2402 586 2448 sex
601 2403 618 2448 s
633 2381 689 2468 viij
707 2383 729 2450 d
745 2393 778 2450 et
795 2383 836 2448 de
851 2391 942 2449 terra
959 2381 1090 2450 Mathie
1105 2381 1233 2449 branch
1248 2381 1281 2448 xl
1298 2383 1319 2449 d

898 2713 991 2782 CIX.

368 2903 661 2986 ONORABILIS
673 2901 724 2968 vir
739 2902 919 2970 alexander
930 2923 1066 2970 menzes
1078 2911 1159 2973 tunc
1171 2901 1362 2990 prepositus
1374 2902 1470 2990 burgi
1480 2905 1521 2971 de
1532 2903 1617 2972 abir·
1640 2916 1747 2970 r01.sa¹

410 3009 475 3074 den
490 3007 653 3094 vigesimo
677 3017 797 3092 quarto
820 3006 874 3094 die
897 3007 1025 3074 mensis
1048 3007 1248 3094 septembris
1263 3007 1352 3094 Annj
1377 3007 1544 3076 dominice
1568 3009 1617 3074 in·
1640 3061 1720 3112 cm

261 3113 470 3180 carnationis
493 3113 662 3198 millesimj
687 3113 1009 3199 quadringentesimj
1031 3113 1240 3198 nonagesimj
1266 3113 1377 3200 octauj
1403 3123 1479 3198 post
1502 3124 1616 3180 actum
1639 3123 1798 3176 undisonis

261 3215 484 3284 dedicationis
495 3217 636 3284 ecclesie
648 3217 840 3304 parochalis
852 3217 942 3285 beati
954 3217 1112 3302 nicholaij
1126 3217 1277 3284 eiusdem
1289 3217 1385 3304 burgj
1400 3217 1618 3302 solempniter
1639 3191 1768 3306 ffimaffi,

261 3321 467 3388 celebratum
494 3343 553 3408 per
577 3323 799 3390 reuerendum
820 3321 855 3387 in
876 3321 1002 3388 chn'sto
1029 3331 1159 3408 patrem
1180 3343 1221 3388 ac
1241 3321 1415 3388 dominum
1442 3323 1616 3390 dominum
1641 3271 1840 3400 scribiturque

259 3425 434 3493 vilclmum
447 3427 667 3495 miseracione
679 3427 795 3494 diuina
805 3426 1000 3513 episcopum
1013 3427 1270 3494 abirdonensem
1283 3428 1425 3494 eandem
1437 3426 1615 3493 ecclesiam
1639 3403 1702 3504 igno
1727 3400 1810 3502 iebsrrlno

260 3533 391 3602 dotauit
411 3535 557 3602 fundans
576 3555 678 3602 vnarn
704 3535 895 3620 lampadem
920 3535 961 3600 In
983 3534 1109 3600 honore
1131 3533 1183 3618 dej
1208 3531 1449 3619 omnipotentis
1471 3531 1616 3618 gloriose

258 3638 399 3724 virginis
419 3640 524 3706 marie
546 3639 614 3726 diuj
639 3639 798 3725 nicholaij
815 3639 947 3726 patronj
965 3647 998 3704 et
1016 3639 1127 3706 tocius
1142 3638 1232 3706 curie
1255 3638 1390 3704 celestis
1412 3640 1615 3724 pendentem

259 3751 339 3810 ante
354 3765 525 3812 summum
542 3745 648 3812 altare
664 3765 777 3812 coram
792 3743 974 3812 venerabili
990 3753 1204 3812 sacramento
1222 3742 1430 3828 temporibus
1445 3741 1615 3828 perpetuis

259 3848 456 3916 duraturam
472 3859 575 3916 noctu
590 3849 644 3916 die
660 3870 724 3935 que
740 3850 914 3916 ardentem
925 3871 984 3934 pro
996 3847 1111 3917 anima
1126 3869 1188 3914 sua
1199 3856 1232 3914 et
1242 3845 1421 3914 animabus
1435 3855 1614 3932 parentum

259 3974 396 4022 suorum
422 3963 674 4022 antecessorum
697 3963 731 4022 et
754 3975 987 4024 successorum
1010 3963 1108 4040 prout
1131 3953 1166 4020 in
1187 3951 1384 4020 fundatione
1407 3949 1514 4018 lacius
1537 3971 1614 4016 con·

258 4056 385 4125 tinetur
415 4059 480 4126 Pro
511 4081 577 4145 qua
601 4059 735 4146 quidem
765 4059 922 4145 lampade
952 4059 1150 4126 sustinenda
1179 4057 1330 4144 prefatus
1353 4055 1534 4124 alexander
1565 4053 1613 4120 in·

258 4163 406 4240 feodauit
423 4165 636 4251 capellanum
652 4165 770 4234 altaris
785 4165 875 4234 beati
894 4165 1076 4250 sebastianj
1095 4161 1243 4232 martiris
1258 4171 1292 4228 et
1308 4183 1387 4228 suos
1403 4181 1614 4228 successores

257 4267 292 4334 in
314 4291 381 4338 vno
404 4293 517 4338 armuo
539 4271 671 4338 redditu
694 4271 796 4338 trium
820 4271 979 4339 librarum
1003 4271 1044 4338 de
1066 4269 1165 4338 terris
1188 4271 1229 4336 de
1255 4268 1412 4363 balmady
1435 4264 1612 4332 annuatim

257 4375 447 4472 recipiendo
463 4387 496 4444 et
512 4377 655 4444 leuando
670 4387 706 4444 vt
722 4376 757 4444 in
773 4376 876 4444 cartis
890 4377 1033 4462 desuper
1048 4375 1210 4442 coniectis
1232 4395 1292 4459 per
1310 4371 1515 4458 superiorem
1535 4391 1612 4436 con·

257 4477 444 4550 firmatiset
457 4505 651 4568 supremum
667 4481 841 4552 dominum
856 4491 1010 4549 nostrum
1026 4502 1139 4567 regern
1155 4477 1367 4570 mortificatis
1382 4475 1489 4544 lacius
1507 4475 1612 4543 conti·

256 4593 355 4652 netur
370 4587 466 4655 cuius
481 4588 595 4656 anima
610 4587 797 4674 requiescat
813 4586 848 4653 in
863 4609 946 4674 pace
962 4608 1061 4654 amen
