4460 5984
734 637 835 705 Certo
855 635 992 704 Paete
1011 636 1154 724 gortimer
1568 639 1630 723 165

268 811 305 878 in
342 811 431 878 lecto
467 831 528 878 sue
565 809 763 896 egritudinis
793 809 960 880 concessit
998 809 1200 898 Quiquidem
1231 811 1397 896 capellani
1436 811 1630 879 dubitantes

270 915 365 982 illam
388 914 608 981 donacionem
624 924 658 980 ct
673 914 940 982 inieodacionem
955 915 1026 980 iore
1048 925 1081 980 et
1103 913 1207 980 fuisse
1232 915 1405 982 Inualidas
1420 937 1481 1000 pro
1496 917 1629 983 certiori

272 1021 467 1088 Eorundem
504 1020 736 1088 infeodacione
772 1021 937 1105 prefatam
970 1029 1096 1086 terram
1133 1020 1334 1086 anteriorem
1368 1029 1401 1086 et
1436 1021 1629 1088 interiorem

271 1147 396 1193 nouam
419 1135 453 1192 et
475 1135 622 1194 veterem
639 1127 727 1193 Cum
743 1136 817 1193 orto
834 1135 867 1192 et
883 1123 1003 1192 horreo
1025 1125 1176 1192 eiusdem
1199 1135 1236 1192 ut
1259 1125 1353 1212 pn'us
1367 1147 1561 1212 expressum
1578 1137 1629 1194 est

272 1233 359 1300 Cum
376 1231 447 1298 suis
465 1231 682 1316 pertinenciis
703 1233 733 1297 Α
756 1231 910 1298 Iohanne
935 1231 1114 1298 allansoun
1136 1251 1216 1296 vero
1240 1231 1362 1297 herede
1382 1241 1418 1297 et
1441 1231 1630 1298 indubitato

272 1335 379 1421 ipsius
395 1336 558 1404 Iohannis
573 1335 722 1404 oemncd
737 1357 797 1421 pro
809 1337 912 1403 Certa
927 1336 1069 1402 Summa
1081 1335 1222 1420 pecunie
1238 1335 1346 1402 eidem
1362 1335 1396 1400 in
1413 1357 1474 1402 sua
1486 1335 1630 1402 necessi·

272 1450 344 1510 tate
359 1441 530 1528 persoluta
549 1450 754 1526 conquestus
776 1463 852 1508 sum
869 1442 916 1508 Et
932 1437 1153 1527 quasqnidem
1172 1451 1280 1506 terras
1296 1441 1382 1510 Cum
1400 1441 1567 1508 Omnibus
1584 1441 1629 1507 Et

273 1545 424 1631 Singulis
439 1546 656 1632 pertinenciis
671 1565 730 1632 per
745 1555 979 1631 procuratores
998 1565 1078 1612 suos
1093 1546 1136 1612 ad
1159 1544 1223 1611 hoc
1246 1543 1411 1629 legittime
1427 1545 1630 1612 constitutos

272 1671 332 1736 per
352 1651 478 1718 fustem
500 1660 534 1717 et
557 1651 715 1718 baculum
738 1650 773 1716 in
796 1649 953 1718 manibus
967 1650 1068 1716 vnius
1085 1649 1286 1716 bellicorum
1303 1650 1399 1735 burgi
1416 1652 1457 1716 de
1472 1649 1630 1718 abirdene
1725 1637 1728 1644 ¹

273 1777 407 1822 sursum
425 1756 584 1824 Reddidit
599 1777 681 1841 pure
696 1775 761 1840 que
776 1763 810 1822 et
827 1749 1033 1841 Simpliciter
1050 1754 1249 1840 Resignauit
1265 1757 1354 1840 apud
1371 1765 1474 1822 meet
1490 1756 1631 1822 heredes

274 1881 368 1928 meos
390 1871 552 1946 perpetuo
576 1861 781 1928 Remanenti
803 1871 902 1946 prout
924 1861 959 1928 in
983 1880 1142 1946 processu
1165 1863 1309 1946 desuper
1331 1860 1422 1928 iacto
1446 1861 1554 1928 lacius
1576 1883 1630 1926 ex-

272 1965 436 2051 premitur
450 1965 729 2034 TENENDUM
744 1965 807 2030 ET
819 1967 1096 2033 HABENDUM
1122 2013 1130 2030 .
1156 2013 1164 2031 .
1189 2013 1198 2031 .
1221 1963 1378 2032 teriorem
1390 1975 1424 2032 et
1436 1966 1630 2033 interiorem

274 2073 396 2138 Ortum
420 2119 429 2137 .
454 2119 462 2138 .
487 2119 496 2136 .
518 2071 663 2156 pellanis
685 2080 719 2138 et
742 2091 858 2138 eorum
882 2071 1067 2138 mrccessori
1092 2119 1100 2136 .
1125 2119 1134 2136 .
1158 2117 1167 2136 .
1192 2091 1348 2156 supremo
1363 2071 1501 2138 domino
1515 2081 1631 2138 nostro

274 2224 283 2242 .
307 2223 316 2242 .
342 2225 351 2242 .
374 2176 621 2262 imperpetuum
648 2178 736 2244 Cum
763 2177 855 2242 omni
879 2223 888 2242 .
913 2223 922 2242 .
948 2225 958 2242 .
980 2178 1067 2244 Cum
1090 2175 1213 2242 debitis
1235 2176 1444 2262 longitudine
1468 2225 1477 2242 .
1502 2225 1510 2242 .
1535 2225 1543 2243 .
1567 2177 1632 2244 idis

274 2283 362 2350 Cum
394 2281 463 2366 lapi
491 2329 501 2347 .
531 2329 540 2347 .
569 2329 578 2346 .
607 2281 819 2350 libertatibus
850 2299 925 2346 com
955 2329 964 2346 .
994 2329 1003 2348 .
1033 2329 1041 2346 .
1070 2299 1244 2366 uscunque
1271 2291 1344 2348 tam
1369 2303 1436 2348 non
1474 2330 1483 2348 .
1513 2331 1521 2348 .
1551 2331 1559 2348 .
1588 2284 1631 2349 ad

273 2385 459 2470 predictam
475 2395 599 2452 terram
624 2434 633 2451 .
657 2434 667 2452 .
691 2434 700 2452 .
724 2385 830 2454 hetin
845 2383 995 2452 futurum
1020 2433 1029 2451 .
1054 2433 1062 2450 .
1087 2433 1096 2452 .
1120 2386 1256 2452 mnibus
1278 2398 1312 2454 et
1335 2407 1418 2471 per.
1443 2435 1451 2452 .
1477 2435 1485 2452 .
1509 2395 1543 2453 et
1559 2408 1631 2472 per-

273 2501 412 2576 petuam
437 2539 445 2557 .
471 2539 479 2557 .
504 2539 513 2557 .
536 2491 804 2560 contradictione
829 2491 886 2558 ali
910 2539 919 2557 .
944 2511 1222 2561 ..successores
1249 2493 1422 2578 Super..
1448 2541 1456 2558 .
1480 2491 1631 2559 debitum

274 2607 308 2664 ct
321 2607 521 2664 consuetum
543 2643 552 2664 .
575 2645 584 2663 .
606 2647 615 2664 .
636 2597 730 2665 chori
742 2597 884 2664 ecclesie
896 2619 936 2664 ca
958 2645 967 2662 .
990 2644 999 2663 .
1021 2646 1030 2664 .
1052 2608 1187 2664 monete
1200 2599 1305 2666 scotie
1318 2599 1364 2665 Et
1387 2649 1395 2665 .
1418 2647 1427 2664 .
1449 2647 1457 2664 .
1480 2617 1631 2666 annuum

276 2702 460 2770 Redditum
484 2749 494 2769 .
518 2751 527 2768 .
552 2751 561 2769 .
583 2702 822 2770 infeodationis
852 2703 994 2771 Necnon
1019 2751 1027 2769 .
1052 2749 1061 2770 .
1086 2751 1095 2770 .
1118 2713 1220 2788 petuo
1245 2725 1352 2770 vnum
1376 2725 1527 2771 annuum
1556 2705 1630 2770 Red

274 2855 317 2874 ..
342 2853 352 2872 .
374 2827 435 2874 sue
446 2808 522 2895 Quo
538 2807 695 2874 defuncto
719 2855 728 2874 .
753 2855 762 2874 .
786 2855 795 2873 .
819 2804 996 2876 annuatim
1008 2806 1255 2893 imperpetuum
1268 2807 1354 2876 inira
1378 2857 1386 2874 .
1411 2858 1420 2875 .
1445 2857 1453 2875 .
1476 2817 1630 2876 actorum

275 2911 503 3000 quadraginta
515 2913 578 2980 oli
602 2961 611 2980 .
636 2961 645 2979 .
669 2961 678 2980 .
703 2913 750 2979 Et
768 2913 863 2998 pium
881 2913 1094 2980 fundatorem
1119 2961 1127 2979 .
1152 2961 1160 2980 .
1186 2963 1194 2979 .
1218 2932 1376 2999 premeue
1393 2913 1630 2981 fundacionis*

274 3020 362 3086 Cum
385 3017 517 3086 Ceteris
532 3019 655 3086 annuis
678 3019 879 3087 Redditibus
893 3018 972 3086 inde
990 3028 1153 3105 proantee
1167 3019 1290 3086 debitis
1314 3021 1406 3087 PRO
1430 3019 1632 3107 QUAQUI-
1653 3031 1698 3084 toi.
1711 3029 1759 3084 σοι

276 3125 380 3190 DEM
408 3124 636 3192 infeudatione
661 3125 781 3211 prefati
807 3125 973 3211 capellani
1006 3133 1039 3192 et
1061 3126 1130 3210 -Suj
1159 3127 1379 3194 Successores
1405 3127 1631 3195 Celebrabunt

273 3247 376 3294 vnem
402 3229 541 3295 missam
569 3229 719 3314 quotidie
744 3237 779 3296 et
802 3229 894 3314 omnj
921 3229 976 3296 die
1002 3231 1044 3296 ad
1071 3229 1177 3296 altare
1204 3230 1313 3296 sancti
1340 3229 1521 3298 saluatoris
1535 3229 1633 3298 -infra

275 3331 401 3400 dictam
428 3333 607 3400 ecclesiam
634 3333 718 3400 hora
744 3343 901 3420 septumo
927 3355 987 3418 pro
1013 3334 1123 3400 salute
1149 3334 1261 3400 anime
1284 3334 1390 3420 ipsius
1414 3334 1577 3402 Iohannis
1599 3343 1633 3401 et

277 3438 394 3503 Ionete
420 3459 502 3523 gray
525 3459 584 3506 sue
605 3438 718 3504 vxoris
740 3459 872 3506 necnon
892 3439 1086 3506 enimenim
1113 3447 1291 3524 parentum
1314 3439 1633 3525 consanguiniorum

221 3531 227 3577 ³
276 3549 310 3606 et
332 3541 584 3608 benefactorum
611 3543 806 3609 Eorundem
834 3544 881 3610 Et
903 3543 1056 3621 omnium
1079 3563 1195 3610 eorum
1222 3567 1242 3612 a
1265 3543 1386 3630 quibus
1410 3544 1523 3630 aliqua
1545 3545 1634 3611 bona

173 3663 175 3678 ·
276 3643 389 3712 mirrus
407 3645 495 3712 iuste
517 3645 706 3714 habuerunt
722 3655 756 3712 et
779 3647 931 3714 omnium
953 3647 1103 3715 fidelium
1126 3648 1359 3716 defunctorum
1382 3649 1416 3715 in
1439 3647 1634 3735 purgatorio

275 3747 498 3816 existencium
525 3751 668 3816 Necnon
693 3749 870 3818 annuatim
897 3752 932 3818 in
962 3751 1017 3818 die
1046 3753 1159 3820 obitus
1184 3753 1305 3837 prefati
1335 3753 1499 3820 Iohannis
1527 3773 1632 3820 vnum

275 3853 544 3923 anniuersarium
574 3857 662 3924 Cum
692 3856 833 3942 placebo
858 3865 892 3923 et
919 3855 1024 3941 dirige
1050 3857 1190 3924 missam
1216 3859 1258 3924 de
1283 3867 1365 3925 nota
1390 3869 1424 3925 et
1453 3859 1633 3945 trigentsle

275 3978 335 4042 per
360 3959 574 4026 ebdomidam
605 3959 827 4028 Reseruendo
856 3969 972 4028 tamen
1002 3981 1061 4046 per
1091 3960 1215 4028 Omnia
1244 3961 1373 4046 prefate
1403 3963 1521 4030 Ionete
1550 3985 1633 4050 gray

275 4063 418 4132 liberum
442 4073 698 4132 tenementuum
728 4073 763 4132 et
787 4066 1057 4134 usumfructuum
1082 4066 1172 4132 dicte
1196 4075 1283 4133 terre
1313 4087 1390 4134 cum
1417 4069 1634 4154 pertinenciis

274 4189 335 4252 pro
358 4177 433 4236 toto
454 4179 605 4256 tempore
627 4169 696 4236 vite
719 4191 779 4238 sue
802 4173 849 4236 Et
876 4171 952 4257 Ego
974 4191 1053 4238 vero
1076 4171 1187 4238 dictus
1213 4171 1376 4256 patricius
1399 4173 1540 4240 heredes
1566 4173 1631 4258 mej

275 4283 309 4340 et
332 4271 497 4358 assignati
519 4281 628 4342 totam
655 4283 689 4342 et
715 4274 882 4360 integram
907 4275 1035 4342 dictam
1061 4285 1185 4342 terram
1211 4285 1282 4342 tam
1305 4276 1507 4344 anteriorem
1531 4299 1633 4364 quam

275 4377 475 4484 interioremx
485 4379 572 4446 Cum
588 4387 663 4446 orto
676 4379 797 4448 horreo
815 4381 903 4449 Cum
926 4379 1144 4466 pertinenciis
1164 4380 1304 4466 prefatis
1319 4381 1448 4449 Curato
1461 4391 1496 4448 et
1511 4382 1634 4467 capell·

744 4598 756 4624 ⁸
771 4595 830 4646 Hoc
841 4595 932 4648 lolium
943 4594 1019 4648 valde
1030 4595 1181 4649 laceratum.
