4490 5990
605 687 650 758 70
1020 671 1152 738 chtale
1172 671 1283 738 altari
1305 670 1417 738 Sancti
1437 671 1564 738 dahaci

607 855 642 912 et
669 843 809 932 quilibet
846 845 1004 912 chamera
1037 845 1097 912 dat
1126 843 1303 932 annuatim
1339 842 1453 930 xviijs
1476 853 1509 912 et
1539 845 1680 912 taberna
1709 843 1801 930 viijs
1832 865 1965 912 summa

608 950 710 1020 huius
732 950 778 1037 iiij
803 949 850 1018 lib
865 959 899 1016 et
915 951 1036 1018 domus
1059 949 1197 1018 interior
1220 971 1298 1018 cum
1322 949 1480 1018 chamere
1495 960 1529 1018 ct
1544 949 1689 1036 coquina
1711 959 1746 1017 et
1769 957 1843 1016 orto
1864 948 1966 1016 soluit

608 1076 699 1141 nunc
722 1053 898 1124 annuatim
922 1053 978 1140 xiij
993 1076 1020 1120 s·
1032 1053 1115 1139 iiijd
1134 1064 1168 1122 et
1183 1054 1320 1122 domIno
1343 1053 1501 1140 episcopo
1521 1075 1571 1120 xs
1595 1057 1642 1121 Et
1661 1053 1729 1122 alia
1751 1056 1873 1121 domus
1896 1073 1967 1120 ver-

607 1183 668 1230 sus
693 1170 846 1230 austrum
876 1159 979 1228 soluit
1000 1181 1076 1226 nxs
1099 1169 1132 1228 et
1155 1163 1276 1228 domus
1302 1159 1337 1227 in
1364 1183 1430 1253 qua
1456 1169 1525 1228 stat
1550 1161 1668 1228 lornax
1690 1181 1744 1226 xs
1768 1159 1966 1226 ethereum

493 1331 495 1337 .
607 1287 678 1336 non
696 1269 873 1336 assedatur
887 1265 988 1334 alicui
1004 1267 1047 1334 ad
1062 1287 1201 1352 presens
1217 1267 1264 1333 Et
1278 1287 1383 1334 vnum
1403 1287 1554 1334 annuum
1572 1265 1740 1334 redditum
1756 1285 1807 1332 ns
1821 1267 1864 1334 de
1877 1274 1967 1332 terra

609 1374 733 1440 andree
769 1372 934 1457 kennerty
971 1373 1108 1440 Iacente
1145 1369 1180 1437 in
1218 1372 1337 1439 eadem
1370 1370 1590 1438 vniuersitate
1626 1368 1840 1438 abirdonensi
1881 1367 1969 1436 inter

608 1485 733 1546 terram
762 1473 926 1544 Iohannis
950 1497 1042 1561 zong
1067 1496 1109 1544 en
1138 1475 1278 1545 australi
1308 1485 1341 1544 et
1371 1483 1495 1544 terram
1521 1474 1688 1544 Willelmi
1717 1475 1898 1545 Wilsoune
1927 1495 1967 1542 en

610 1581 727 1650 boriali
753 1580 906 1666 partibus
932 1582 975 1650 ab
1001 1580 1108 1650 altera

870 1686 963 1752 Nota
978 1687 1067 1771 quod
1083 1705 1201 1752 omnes
1223 1683 1400 1772 prescripti
1415 1683 1519 1754 annui
1534 1682 1686 1754 redditus
1700 1691 1865 1752 terrarum
1888 1690 1967 1750 sunt

784 1793 826 1860 de
840 1790 944 1859 fundo
963 1789 1114 1877 ipsarum
1130 1790 1392 1877 prescriptarum
1408 1799 1507 1878 prout
1521 1789 1629 1859 lacius
1647 1789 1683 1857 iu
1701 1789 1804 1858 cartis
1826 1789 1969 1876 desuper

786 1895 949 1964 conlectis
965 1895 1098 1982 plenius
1113 1896 1305 1966 continetur

1199 2127 1382 2194 XXXVII.

611 2265 743 2334 chtclc
771 2265 881 2333 altaris
918 2267 1029 2334 Sancti
1057 2265 1184 2334 duihcci
1212 2267 1248 2334 ia
1280 2269 1404 2335 ccclesia
1434 2266 1612 2356 parochiali
1644 2267 1725 2334 beati
1759 2265 1897 2334 nicholai
1932 2265 1970 2332 dc

1185 2373 1331 2442 chirdcnc
1349 2375 1396 2442 &c

662 2515 693 2580 N
711 2512 829 2600 primis
844 2515 885 2581 de
900 2513 999 2582 terris
1014 2518 1184 2601 quondam
1209 2516 1372 2584 Iohannis
1394 2515 1559 2584 torclecht
1583 2516 1721 2582 Iacente
1739 2512 1825 2580 infra
1840 2510 1969 2578 dietum

683 2619 826 2704 burgum
837 2619 878 2686 de
888 2617 1046 2687 abirdene
1056 2619 1091 2685 in
1102 2619 1177 2687 vico
1187 2619 1350 2706 superiori
1359 2619 1501 2686 ecclesie
1510 2641 1551 2686 en
1562 2616 1703 2686 australi
1712 2623 1808 2702 parte
1817 2613 1969 2682 eiusdem

573 2809 575 2818 Ι
609 2723 676 2790 vici
691 2723 780 2791 inter
793 2735 917 2792 terram
933 2723 1069 2792 donaldi
1081 2726 1277 2811 straquhine
1289 2747 1330 2792 ex
1344 2725 1499 2794 orientali
1514 2734 1547 2791 et
1562 2732 1746 2790 torrentem
1761 2741 1803 2788 ex
1817 2717 1970 2786 occiden-

610 2827 671 2895 tali
686 2849 737 2895 ns
753 2830 841 2896 Item
857 2831 898 2896 de
912 2839 1002 2897 terra
1017 2833 1187 2916 quondam
1204 2831 1367 2898 Iohannis
1385 2831 1475 2899 traill
1490 2851 1531 2897 ex
1546 2828 1686 2898 australi
1704 2836 1801 2914 parte
1818 2824 1969 2892 eiusdem

611 2931 677 3000 vici
699 2933 788 3002 inter
808 2944 933 3002 terram
956 2937 1126 3021 quondam
1150 2936 1266 3004 thome
1290 2935 1364 3023 prat
1388 2957 1430 3002 ex
1447 2933 1601 3003 orientali
1624 2943 1658 3000 et
1681 2951 1879 3000 communes
1896 2928 1970 2996 vias

611 3037 721 3124 regias
735 3061 852 3106 versus
870 3039 1028 3108 occidens
1046 3049 1080 3108 et
1102 3041 1230 3109 boriam
1248 3051 1282 3108 et
1301 3051 1426 3110 terram
1442 3043 1612 3127 quondam
1633 3037 1735 3106 dauid
1755 3037 1832 3106 elub
1852 3057 1971 3104 versus

611 3153 765 3212 austrum
782 3165 831 3211 vs
854 3147 942 3211 Item
958 3147 999 3212 de
1014 3156 1104 3214 terra
1118 3149 1288 3232 quondam
1311 3147 1474 3215 Iohannis
1494 3145 1622 3233 scrogis
1644 3147 1781 3214 Iacente
1795 3165 1837 3210 ex
1851 3139 1970 3212 boriali

611 3257 708 3334 parte
723 3247 874 3316 eiusdem
889 3249 955 3316 vici
970 3249 1058 3317 inter
1068 3260 1193 3318 terram
1208 3254 1379 3337 quondam
1391 3253 1524 3320 Andree
1540 3271 1694 3336 murraye
1710 3271 1751 3314 ex
1766 3245 1921 3314 orientali
1936 3255 1970 3312 et

611 3363 735 3420 terram
753 3351 867 3420 Iacobi
886 3354 1072 3421 collisoune
1087 3375 1128 3422 ex
1143 3355 1344 3424 occidentali
1359 3377 1409 3424 vs
1429 3359 1516 3423 Item
1532 3357 1573 3422 de
1589 3363 1678 3421 terra
1693 3351 1851 3420 interiore
1866 3371 1970 3436 quon·

611 3459 690 3526 dam
706 3456 871 3544 Willelmj
888 3459 1032 3544 tulydeff
1042 3458 1078 3526 in
1093 3459 1168 3527 vico
1181 3461 1351 3530 furcarum
1363 3482 1404 3527 ex
1416 3458 1616 3527 occidentali
1632 3465 1727 3544 parte
1742 3455 1892 3524 eiusdem
1903 3453 1969 3539 vicj

613 3562 701 3628 inter
723 3570 848 3630 terram
874 3562 1038 3631 Iohannis
1064 3563 1250 3632 collisoune
1272 3587 1313 3633 ex
1335 3565 1490 3634 orientali
1513 3574 1546 3632 et
1572 3564 1684 3630 lacum
1708 3583 1749 3629 ex
1769 3559 1970 3629 occidentali

613 3675 647 3732 et
667 3674 792 3734 terram
815 3667 985 3752 quondam
1004 3667 1169 3736 Willelmi
1193 3670 1350 3738 abirdour
1371 3691 1488 3737 versus
1510 3676 1664 3736 austrum
1686 3675 1720 3734 et
1742 3675 1866 3733 terram
1889 3663 1971 3732 dicti

616 3771 780 3840 Iohannis
801 3793 918 3840 versus
944 3773 1073 3842 bociam
1094 3774 1159 3861 vjs
1182 3777 1269 3844 Item
1294 3777 1336 3843 cle
1361 3785 1451 3843 terra
1479 3777 1616 3842 Iacente
1643 3773 1677 3838 in
1701 3772 1733 3838 le
1756 3793 1858 3857 grene
1883 3769 1972 3836 inter

615 3886 799 3944 torrentem
821 3898 863 3944 en
884 3877 1039 3946 orientali
1065 3899 1106 3947 ac
1131 3889 1256 3948 terram
1279 3879 1442 3948 Iohannis
1465 3877 1576 3946 litster
1599 3899 1640 3944 ex
1665 3873 1865 3943 occidentali
1892 3875 1972 3940 xxd

616 3979 704 4050 Item
719 4003 823 4050 vnum
844 3991 1076 4052 tenementum
1091 3983 1248 4051 videlicet
1270 3993 1404 4052 terram.
1417 4005 1529 4050 meam
1553 3984 1627 4072 Iam
1642 3989 1775 4047 vastam
1799 3979 1921 4045 Iacens
1936 3975 1971 4042 in

613 4083 689 4152 vico
704 4085 843 4154 nauium
862 4085 951 4154 inter
972 4097 1096 4154 terram
1112 4088 1277 4156 Willelmi
1301 4088 1387 4155 moir
1400 4109 1442 4156 ex
1456 4096 1551 4172 parte
1567 4083 1767 4153 occidentali
1790 4091 1824 4148 et
1846 4091 1971 4148 terram

616 4189 779 4258 Iohannis
801 4191 898 4277 gouis
921 4213 962 4258 ex
984 4193 1138 4260 orientali
1158 4195 1204 4259 Et
1223 4203 1347 4261 terram
1369 4215 1480 4262 meam
1500 4195 1574 4260 Iam
1594 4199 1727 4258 vastam
1748 4191 1921 4256 Iacentem
1937 4186 1971 4252 in

614 4297 733 4363 eodem
753 4295 828 4364 vico
849 4296 937 4364 inter
955 4307 1080 4366 terram
1105 4297 1268 4366 Iohannis
1290 4298 1388 4385 gouis
1410 4320 1451 4364 ex
1473 4295 1674 4364 occidentali
1690 4305 1723 4360 et
1737 4293 1828 4361 viam
1843 4289 1970 4377 regiam

613 4423 655 4468 ex
670 4411 766 4487 parte
781 4401 936 4470 orientali
957 4406 1045 4471 Item
1061 4404 1107 4490 iiij
1122 4426 1139 4470 s
1154 4404 1200 4490 iiij
1215 4408 1236 4472 d
1252 4405 1293 4470 de
1308 4413 1397 4471 terra
1415 4404 1531 4471 thome
1548 4401 1672 4469 litsteir
1694 4403 1832 4468 Iacente
1847 4397 1882 4466 in
1897 4399 1971 4465 vico

613 4505 784 4591 superiore
799 4507 940 4574 ecclesie
956 4507 1043 4574 inter
1060 4517 1184 4576 terram
1201 4511 1264 4576 ade
1280 4507 1402 4576 litsteir
1420 4529 1461 4574 ex
1481 4517 1576 4592 parte
1597 4505 1773 4575 horientali
1793 4513 1826 4571 et
1846 4511 1970 4570 terram
2043 4523 2045 4528 ’

529 4703 535 4716 .
613 4609 729 4677 thome
745 4611 835 4678 traill
852 4634 892 4678 ex
907 4623 1002 4698 parte
1017 4613 1157 4680 australi
1174 4615 1220 4680 Et
1236 4612 1327 4681 aliud
1343 4633 1493 4680 annuum
1512 4611 1679 4680 redditum
1694 4609 1727 4695 vj
1741 4631 1759 4676 s
1773 4617 1807 4676 et
1821 4605 1879 4692 viij
1893 4607 1914 4674 d
1929 4607 1971 4672 de
