4472 5992
691 649 856 716 samso
880 648 1034 716 veretas
1054 649 1215 718 nocam
1596 675 1638 744 39

279 821 390 910 posito
415 824 457 891 de
483 819 642 892 abirdcne
664 821 856 892 Alexandro
882 843 1017 892 menzes
1045 825 1194 892 Roberto
1221 823 1376 894 blindsell
1400 826 1536 897 Thoma
1563 839 1639 916 prat

279 929 471 996 Alexandro
507 929 566 996 red
602 929 738 998 Andrea
775 927 925 996 braunch
967 929 1159 998 Alexandro
1199 951 1290 998 marr
1326 933 1462 1002 Andrea
1503 955 1640 1024 murray

280 1035 435 1104 Waltero
456 1035 620 1104 auchnew
640 1035 863 1121 burgensibus
884 1037 925 1102 de
945 1033 1105 1104 abirdene
1127 1035 1279 1103 Iohanne
1301 1038 1449 1104 menzeis
1465 1039 1640 1108 Willelmo

278 1143 411 1211 blinsell
432 1144 563 1210 duobus
578 1141 779 1209 balliuorum
796 1141 945 1209 eiusdem
962 1163 1001 1208 ac
1018 1143 1154 1209 domino
1171 1141 1323 1211 Iohanne
1344 1145 1530 1232 streueling
1547 1167 1637 1236 pres·

280 1252 397 1336 bytero
413 1269 453 1316 ac
469 1246 601 1316 notario
616 1247 750 1333 publico
766 1268 843 1314 cum
861 1246 977 1314 multis
993 1246 1069 1315 aliis

368 1356 501 1423 Summa
515 1355 606 1442 hujus
622 1355 789 1442 capellanie
806 1377 824 1420 o
840 1355 866 1420 li
880 1377 901 1420 x
915 1376 929 1420 s

911 1729 1008 1794 XVI.

448 1871 548 1958 Copia
570 1871 668 1936 littere
691 1869 784 1936 bellic
805 1876 834 1935 el
849 1871 1045 1958 possessionis
1067 1877 1156 1958 super
1177 1870 1356 1938 buirumodi
1377 1879 1465 1938 caria

401 2011 651 2078 ILLELMUS
675 2011 839 2076 meldrum
855 2011 897 2076 de
914 2009 1000 2095 iywe
1020 2031 1060 2077 ac
1080 2019 1243 2094 patronus
1258 2031 1357 2078 verus
1372 2019 1405 2078 ct
1423 2009 1640 2080 Indubitatus

248 2195 250 2200 ,
443 2113 560 2182 altaris
576 2111 665 2180 beati
682 2112 819 2197 Ninianj
842 2113 1044 2182 confessoris
1059 2111 1145 2180 inira
1165 2113 1343 2182 ecclesiam
1366 2115 1455 2183 beati
1478 2115 1637 2203 nicholaij

278 2222 320 2287 de
346 2217 493 2289 Abirden
521 2217 637 2285 situati
663 2216 917 2284 honorabilibus
941 2215 1023 2282 viris
1048 2216 1184 2302 georgio
1215 2218 1380 2286 meldrum
1407 2219 1477 2286 filio
1503 2241 1579 2288 meo
1606 2231 1639 2289 et

278 2323 454 2411 apparenti
477 2321 591 2390 heredi
611 2322 801 2390 Alexandro
817 2323 858 2388 de
879 2343 1014 2388 camera
1033 2321 1158 2408 juniori
1176 2323 1218 2390 dc
1243 2323 1387 2390 metblik
1408 2325 1552 2392 Iohanni
1575 2326 1640 2394 low

278 2441 312 2498 et
330 2428 443 2497 Dauid
459 2427 652 2496 crukshank
667 2436 701 2494 et
717 2449 832 2493 eorum
849 2425 945 2494 alteri
962 2427 1170 2512 conjunctim
1186 2437 1219 2494 et
1238 2427 1373 2496 divisim
1394 2429 1526 2497 ballivis
1542 2431 1640 2498 meiis

279 2533 531 2624 prenotabiliter
551 2531 746 2602 constitutis
762 2531 796 2598 in
812 2531 876 2600 hac
872 2541 1048 2622 presente
1070 2532 1223 2599 Salutem
1240 2533 1328 2620 Quia
1344 2535 1420 2602 dedi
1436 2547 1469 2602 et
1485 2538 1638 2604 concessi

279 2641 313 2708 in
329 2637 641 2726 augmentationem
658 2637 770 2704 cultus
786 2635 890 2704 divini
906 2659 965 2722 pro
981 2637 1096 2704 anima
1111 2657 1188 2705 mea
1204 2639 1447 2724 animabusque
1459 2651 1637 2726 parentum

279 2767 431 2814 meorum
458 2753 710 2812 antecessorum
738 2753 771 2810 et
798 2763 1032 2810 successorum
1063 2762 1214 2810 meorum
1245 2753 1278 2810 et
1305 2745 1456 2812 omnium
1487 2746 1636 2816 fidelium

279 2851 512 2921 defunctorum
540 2851 685 2918 discreto
707 2848 778 2916 viro
802 2847 939 2916 domino
967 2847 1116 2914 Roberto
1143 2848 1204 2914 leis
1230 2849 1407 2934 capellano
1433 2871 1510 2918 meo
1531 2871 1635 2918 vnum

278 2979 429 3025 annuum
442 2955 609 3024 redditum
622 2953 845 3041 quadraginta
858 2953 1040 3020 solidorum
1053 2953 1181 3020 vsualis
1197 2963 1332 3021 monete
1348 2954 1458 3022 scocie
1470 2965 1635 3024 terrarum

278 3068 320 3132 de
335 3065 575 3133 Wattertoune
598 3083 675 3129 cum
693 3061 763 3127 suis
779 3058 995 3146 pertinenciis
1012 3059 1202 3127 Iacentium
1227 3081 1327 3146 super
1350 3081 1438 3146 aqua
1453 3063 1495 3127 de
1509 3060 1636 3148 ythane

279 3169 313 3238 in
337 3168 496 3256 parochia
514 3169 556 3236 de
574 3167 663 3234 ellon
679 3165 713 3233 in
730 3166 894 3234 comitatu
917 3165 1071 3232 buchane
1096 3165 1142 3232 Et
1165 3163 1269 3232 alium
1293 3186 1444 3232 annuum
1468 3166 1635 3234 redditum

278 3275 396 3360 viginti
413 3297 471 3342 sex
487 3273 670 3340 solidorum
687 3281 720 3339 et
736 3281 813 3339 octo
829 3271 1042 3339 denariorum
1055 3273 1096 3338 de
1108 3269 1207 3338 terris
1222 3269 1320 3337 melis
1331 3271 1373 3339 de
1388 3272 1541 3338 ordefork
1557 3293 1635 3339 cum

280 3381 495 3468 pertinenciis
512 3380 706 3449 lacentibus
729 3378 763 3444 in
787 3377 935 3446 dominio
952 3381 992 3446 de
1009 3377 1174 3444 meldrum
1198 3377 1284 3444 infra
1299 3375 1572 3445 vicecomitatum
1594 3381 1635 3446 de

278 3487 424 3554 aberden
450 3488 602 3574 Quarum
632 3485 727 3553 vobis
753 3483 900 3572 precipio
930 3491 964 3550 et
995 3484 1118 3551 mando
1145 3492 1285 3570 quatere
1310 3485 1352 3564 (l)
1380 3483 1471 3550 dicto
1497 3484 1634 3552 domino

279 3594 427 3660 Roberto
450 3591 512 3659 leis
532 3591 707 3678 capellano
727 3611 803 3658 meo
821 3599 880 3656 aut
896 3612 957 3656 suo
973 3599 1065 3657 certo
1080 3589 1287 3675 procuratori
1307 3589 1514 3675 presentium
1537 3590 1635 3658 laton'

278 3696 428 3764 sasinam
455 3705 488 3762 et
516 3693 763 3780 possessionem
790 3693 1017 3762 successorias
1042 3695 1208 3762 dictorum
1233 3715 1422 3762 annuorum
1443 3695 1634 3764 reddituum

276 3801 429 3870 tradatas
444 3811 477 3868 et
493 3800 694 3868 deliberatas
709 3802 894 3868 secundum
910 3809 1061 3867 tenorem
1077 3809 1169 3868 carte
1185 3821 1259 3867 mee
1274 3801 1383 3868 eidem
1399 3801 1543 3886 desuper
1557 3821 1635 3868 con·

277 3908 364 3974 lecte
380 3905 476 3974 saluo
493 3907 570 3973 Iure
586 3907 765 3992 cujuslibet
782 3909 827 3973 Et
843 3905 878 3972 in
894 3905 1029 3991 signum
1046 3903 1169 3972 saisine
1182 3915 1215 3972 et
1230 3905 1454 3992 possessionis
1468 3905 1633 3972 dictorum

278 4033 467 4080 annuorum
491 4011 682 4080 reddituum
706 4034 764 4098 per
784 4033 845 4079 vos
867 4011 1069 4080 traditarum
1088 4009 1236 4096 sigillum
1258 4020 1408 4078 vestrum
1431 4009 1465 4076 in
1487 4011 1635 4078 secunda

278 4119 386 4186 cauda
408 4128 484 4205 post
510 4139 623 4185 meum
654 4118 801 4204 sigillum
832 4119 1043 4205 appendatur
1071 4119 1124 4184 Ad
1154 4119 1242 4202 quod
1267 4115 1459 4184 iaciendum
1481 4114 1577 4182 vobis
1601 4125 1634 4181 et

276 4207 426 4290 vestrum
449 4222 586 4290 cuilibet
610 4245 720 4290 meam
743 4223 928 4309 plenariam
954 4231 1157 4308 potestatem
1181 4221 1357 4290 committo
1381 4243 1440 4307 per
1462 4230 1635 4306 presentes

279 4328 408 4393 Datum
439 4329 502 4394 sub
528 4327 639 4412 sigillo
665 4347 741 4393 meo
771 4329 859 4412 apud
886 4329 1028 4410 burgum
1056 4328 1097 4393 de
1127 4327 1291 4394 aberdene
1321 4324 1402 4390 xvii0
1424 4323 1477 4391 die
1507 4323 1635 4389 mensis

277 4433 422 4518 Augusti
438 4454 527 4499 anno
544 4431 670 4500 domini
687 4431 866 4498 millesimo
882 4441 1019 4516 qcccc¹²²⁰
1033 4429 1254 4516 nonagesimo
