4472 5992
721 709 885 779 Fundacio
909 707 1023 778 Thoona
1044 709 1125 778 Pral
1558 729 1600 797 35

171 903 172 908 ’
239 887 435 959 immediate
466 896 645 974 sequentes
673 885 750 953 volo
780 887 928 954 concedo
960 883 1078 954 ordino
1107 893 1141 952 et
1171 883 1247 972 lego
1283 885 1372 970 quod
1409 883 1600 972 prepositus

239 995 354 1065 balliui
378 1004 411 1064 et
434 993 591 1062 consules
613 989 694 1061 dicti
717 989 812 1078 burgi
837 989 902 1059 Illa
923 988 996 1058 vice
1019 991 1166 1058 habeant
1193 989 1378 1084 plenariam
1400 990 1598 1060 facultatem

238 1101 347 1169 eidem
375 1097 473 1168 altari
495 1119 599 1165 vnum
625 1099 793 1184 ydoneum
817 1095 1030 1182 capellanum
1055 1096 1155 1182 pleno
1177 1095 1254 1182 jure
1280 1105 1472 1182 presentare
1496 1097 1542 1164 Et
1570 1095 1598 1164 si

239 1206 414 1293 contingat
430 1203 569 1273 'dictum
597 1202 809 1288 capellanum
840 1202 982 1269 deficere
1008 1201 1042 1267 in
1069 1199 1194 1268 diuinis
1224 1201 1375 1269 seruiciis
1401 1202 1444 1270 ad
1470 1201 1598 1270 dictum

239 1311 346 1378 altare
362 1319 420 1378 aut
436 1309 471 1376 in
486 1303 579 1377 h'oris
595 1305 767 1376 canonicis
786 1305 872 1374 infra
890 1303 1069 1374 ecclesiam
1085 1305 1284 1391 prelibatam
1303 1329 1363 1394 per
1376 1307 1600 1394 quadraginta

239 1415 311 1483 dies
341 1411 520 1482 continuos
550 1411 615 1480 nisi
646 1411 690 1480 sit
721 1433 825 1480 causa
854 1409 1054 1498 egritudinis
1080 1419 1161 1478 tunc
1188 1409 1319 1480 licitum
1346 1411 1408 1480 erit
1435 1411 1538 1480 michi
1565 1423 1599 1480 et

174 1611 178 1618 Ι
239 1517 419 1589 heredibus
441 1517 527 1586 meis
549 1519 591 1586 de
613 1519 731 1586 eodem
754 1517 955 1604 cuicumque
978 1515 1154 1603 capellano
1177 1517 1308 1604 ydoneo
1331 1519 1457 1604 absque
1479 1517 1600 1604 quouis

241 1623 489 1712 Impedimento
511 1645 571 1710 pro
594 1633 709 1690 nostre
731 1621 827 1692 libito
849 1620 1035 1690 voluntatis
1061 1619 1238 1708 disponere
1262 1623 1405 1710 Insuper
1426 1621 1455 1690 si
1478 1623 1600 1710 aliquis

239 1731 400 1799 heredum
422 1750 573 1796 meorum
595 1737 654 1797 aut
677 1727 928 1815 assignatorum
951 1725 1121 1815 predictos
1142 1749 1275 1796 annuos
1296 1729 1447 1797 redditus
1469 1729 1504 1796 in
1526 1738 1599 1796 toto

238 1833 291 1902 vel
314 1833 349 1902 in
365 1845 460 1920 parte
476 1855 497 1902 a
511 1833 641 1920 prefato
663 1833 839 1919 capellano
862 1843 921 1900 aut
945 1831 1016 1914 suis
1039 1821 1289 1903 successoribus
1312 1833 1532 1904 substraxerit
1546 1835 1600 1902 vel

239 1937 419 2006 detinuerit
434 1947 516 2006 tunc
532 1937 633 2006 liceat
651 1937 789 2006 domino
807 1937 1000 2006 diocesiano
1022 1937 1079 2024 qui
1102 1961 1162 2025 pro
1184 1947 1335 2026 tempore
1350 1941 1448 2008 luerit
1463 1941 1600 2008 eosdem

240 2043 442 2112 auctoritate
468 2065 531 2112 sua
552 2043 607 2112 viz
632 2043 784 2112 censuris
809 2041 1037 2112 ecclesasticis
1064 2038 1264 2130 compellere
1288 2044 1379 2112 etin
1402 2045 1515 2114 anime
1541 2067 1601 2114 sue

239 2149 426 2238 periculum
453 2171 560 2235 usque
586 2152 629 2218 ad
655 2149 841 2236 plenariam
869 2149 1076 2218 solucionem
1103 2150 1269 2218 dictorum
1297 2171 1485 2219 annuorum
1513 2151 1601 2219 Red-

240 2255 372 2324 dituum
384 2255 573 2324 laciendam
590 2255 746 2342 prosequi
762 2265 795 2323 et
811 2250 1010 2341 distringere
1023 2275 1100 2323 cum
1112 2255 1233 2323 effectu
1250 2255 1476 2342 Infringentes
1491 2279 1550 2324 seu
1566 2255 1601 2322 in

241 2361 354 2447 aliquo
369 2361 548 2448 infringere
564 2371 784 2448 procurantes
800 2371 974 2448 presentes
995 2381 1091 2429 meas
1113 2361 1334 2428 donacionem
1350 2361 1600 2430 ordinacionem

240 2465 494 2534 concessionem
526 2467 795 2554 assignacionem
823 2477 856 2534 et
883 2465 1067 2554 elymosine
1094 2466 1389 2536 confirmacionem
1420 2466 1601 2536 autoritate

240 2571 368 2638 domini
384 2571 491 2640 nostri
516 2573 619 2640 lhesu
643 2572 770 2642 Christi
786 2572 1030 2660 omnipotentis
1045 2571 1098 2642 dei
1114 2583 1147 2640 et
1165 2572 1282 2642 Sancti
1308 2574 1385 2656 (sir)
1411 2573 1530 2642 matris
1548 2593 1600 2642 ec-

239 2677 340 2746 clesie
360 2687 394 2746 et
415 2689 579 2764 quantum
603 2678 828 2747 committitur
849 2679 997 2748 humane
1021 2689 1172 2748 creature
1195 2678 1442 2750 maledicantur
1456 2689 1490 2748 et
1506 2679 1600 2748 illam

240 2781 511 2852 maledictionem
528 2807 629 2872 quam
653 2795 749 2872 pater
764 2787 826 2856 sub
842 2795 1012 2882 potestate
1034 2787 1136 2880 habet
1152 2785 1186 2852 in
1202 2786 1309 2875 lilium
1331 2785 1451 2856 mereri
1465 2787 1601 2856 valeant

239 2901 272 2960 et
289 2890 483 2960 eternaliter
497 2891 668 2978 possidere
687 2895 875 2960 Reseruato
891 2903 925 2962 et
940 2883 1037 2971 saluo
1052 2902 1168 2962 tamen
1183 2891 1372 2979 peremnia
1391 2891 1495 2962 libero
1511 2902 1601 2960 tene-

240 3005 355 3064 mento
377 2995 529 3066 omnium
552 2997 718 3066 dictorum
742 3019 931 3068 annuorum
956 2997 1163 3066 Reddituum
1192 3015 1271 3077 curn
1293 2996 1365 3066 suis
1390 2995 1603 3084 pertinentiis

240 3099 343 3171 michi
359 3124 419 3190 pro
434 3111 507 3176 toto
522 3111 674 3190 ternpore
686 3102 755 3172 vite
771 3125 845 3173 mee
861 3106 908 3172 Et
924 3125 986 3192 ego
997 3125 1076 3172 vero
1092 3101 1203 3204 dictus
1217 3103 1355 3172 thomas
1370 3111 1446 3189 prat
1462 3101 1602 3170 heredes

241 3205 307 3276 mei
337 3217 371 3276 et
401 3206 565 3294 assignati
593 3218 684 3276 totos
712 3218 746 3276 et
774 3209 924 3296 integros
951 3229 1083 3293 annuos
1110 3207 1262 3278 redditus
1290 3229 1384 3278 meos
1412 3206 1602 3278 antedictos

153 3366 159 3380 r
241 3333 318 3382 cum
335 3311 406 3380 suis
420 3312 637 3400 pertinenciis
653 3315 782 3402 prelato
798 3315 935 3384 domino
960 3313 1104 3387 Iohanni
1123 3335 1183 3400 pro
1202 3323 1276 3382 toto
1291 3323 1443 3400 tempore
1457 3309 1527 3380 vite
1542 3335 1602 3379 sue

240 3428 273 3486 et
297 3417 368 3485 suis
392 3419 642 3488 successoribus
669 3421 853 3506 capellanis
879 3419 1051 3508 perpetuis
1076 3418 1226 3488 eiusdem
1250 3417 1284 3510 in
1308 3417 1465 3488 omnibus
1487 3427 1521 3486 et
1543 3435 1603 3504 per

242 3519 356 3592 omnia
385 3533 420 3591 vt
454 3523 656 3610 premissum
686 3535 738 3592 est
768 3547 828 3612 per
856 3547 976 3592 omnes
1004 3535 1113 3594 terras
1142 3533 1176 3592 et
1206 3523 1439 3610 possessiones
1469 3532 1604 3591 nostras

241 3639 358 3698 contra
393 3651 512 3698 omnes
547 3630 709 3699 mortales
738 3631 1025 3702 varantizabimus
1059 3629 1329 3717 acquietabimus
1363 3637 1397 3696 et
1433 3629 1603 3716 imperpe-

240 3743 337 3802 tuum
362 3735 580 3804 defendemus
605 3737 646 3806 In
671 3735 767 3806 cuius
791 3737 855 3806 Rei
878 3735 1112 3832 testimonium
1136 3735 1215 3804 huie
1235 3733 1384 3824 presenti
1410 3745 1503 3806 carte
1529 3757 1603 3806 mee

242 3837 398 3925 Sigillum
433 3861 546 3908 meum
578 3851 611 3908 et
644 3841 800 3928 Sigillum
832 3841 1039 3912 honorabilis
1067 3840 1130 3909 viri
1159 3843 1293 3909 Andree
1326 3841 1474 3911 brancha
1504 3839 1604 3910 vnius

241 3943 442 4012 balliuorum
466 3943 546 4014 dicti
573 3945 669 4032 burgi
693 3967 733 4015 ac
755 3945 885 4016 datoris
907 3943 1020 4015 sasine
1043 3944 1237 4014 huiusmodi
1262 3965 1451 4014 annuorum
1480 3945 1603 4013 Reddi·

136 4093 138 4097 -
241 4059 315 4116 tum
353 4048 461 4118 eidem
499 4049 636 4120 domino
675 4051 819 4121 Iohanni
850 4075 951 4140 super
980 4053 1090 4120 solum
1120 4051 1288 4121 dictarum
1320 4061 1485 4120 terrarum
1524 4059 1603 4118 sunt
1680 4049 1683 4052 ’

242 4173 391 4241 appensa
407 4155 506 4240 Apud
521 4154 690 4224 Abirdene
708 4156 840 4226 decimo
859 4168 981 4226 octauo
1000 4156 1054 4225 die
1073 4155 1201 4224 mensis
1216 4155 1343 4243 Aprilis
1358 4159 1457 4224 Anno
1475 4155 1603 4224 domini

241 4257 422 4326 millesimo
432 4257 764 4348 quadringentesimo
776 4263 997 4351 nonagesimo
1008 4261 1117 4352 primo
1128 4265 1251 4333 Coram
1262 4261 1410 4352 providis
1419 4271 1452 4330 et
1463 4263 1604 4332 famosis

242 4364 323 4431 viris
341 4367 491 4433 Iohanne
508 4367 666 4436 Colisone
681 4369 801 4438 thoma
817 4371 940 4438 martin
956 4370 1133 4439 Willelmo
1147 4369 1289 4438 blinsele
1305 4367 1429 4438 Iacobo
1446 4367 1604 4436 Gordone

241 4468 416 4536 Willelmo
436 4471 512 4558 colp
532 4469 755 4558 burgensibus
777 4474 858 4542 dicti
881 4474 977 4560 burgi
993 4475 1129 4542 Andrea
1143 4474 1271 4561 nachty
1285 4495 1351 4541 vno
1374 4473 1604 4544 seriandorum

243 4575 381 4642 eusdem
398 4583 432 4642 et
450 4575 598 4645 Domino
616 4579 768 4646 Iohanne
785 4576 970 4667 Stirueling
984 4581 1179 4668 presbytero
1195 4589 1228 4648 et
1244 4577 1376 4648 notario
1391 4574 1532 4666 publico'

328 4677 471 4746 Summa
486 4679 587 4750 huius
603 4681 799 4770 Capellanie
813 4677 873 4751 viii
888 4683 923 4752 lii
939 4697 973 4752 et
988 4685 1021 4752 xl
1037 4687 1059 4752 d
1092 4699 1108 4712 ’·
