4460 5984
639 663 702 734 ωε
1044 660 1155 727 oum
1177 659 1324 744 magam
1344 659 1459 746 vorsu
1479 659 1597 726 eune

640 837 862 922 excogitando
872 837 960 921 quod
973 855 1091 902 omnes
1102 832 1268 900 stabimus
1279 843 1359 900 ante
1370 833 1518 900 tribunal
1531 833 1657 920 dominj
1670 835 1777 901 nostri
1790 837 1868 902 lesu
1881 834 1998 902 christi

639 951 738 1029 prout
760 942 795 1008 iu
816 961 952 1025 corpore
973 940 1074 1006 modo
1087 937 1237 1004 uiuimus
1254 939 1295 1004 de
1312 937 1413 1004 luctis
1433 937 1577 1024 proprijs
1596 937 1767 1006 racionem
1785 939 1945 1024 redditurj
1965 948 1998 1006 et

639 1045 820 1132 unicuique
834 1045 992 1112 reddetur
1008 1042 1153 1128 (psalmo
1171 1043 1226 1122 61)
1243 1041 1338 1108 iuxta
1352 1063 1455 1127 opera
1471 1063 1533 1108 sua
1554 1045 1689 1109 Bonum
1708 1053 1760 1110 est
1782 1043 1890 1128 Igitur
1909 1044 1998 1110 diem

640 1149 780 1217 extremi
802 1147 922 1233 Iudicij
940 1146 1097 1233 operibus
1117 1145 1344 1212 misericordie
1358 1146 1533 1230 preuenire
1549 1147 1598 1213 sic
1613 1157 1651 1213 ut
1667 1147 1835 1214 seminata
1850 1147 1885 1212 in
1900 1147 1999 1214 terris

639 1253 819 1341 multiplici
841 1254 952 1320 fructu
976 1253 1133 1337 colligere
1154 1251 1330 1319 valeamus
1352 1252 1387 1317 in
1410 1251 1492 1318 celis
1516 1253 1562 1318 Et
1585 1252 1761 1338 presertim
1782 1251 1817 1318 in
1838 1253 1905 1340 pijs
1926 1274 1998 1320 ora·

639 1359 793 1428 cionibus
813 1357 1015 1426 celibrandis
1035 1367 1069 1422 et
1091 1355 1305 1422 eleemosinis
1325 1355 1359 1422 in
1379 1365 1468 1422 terra
1488 1355 1675 1424 tribuendis
1698 1357 1785 1426 Cum
1808 1379 1868 1444 per
1884 1357 1998 1424 elimo·

639 1465 749 1531 sinam
766 1473 906 1549 peccata
927 1461 1052 1530 dimitti
1072 1461 1241 1527 credimus
1260 1469 1293 1526 et
1313 1459 1419 1526 vitam
1441 1469 1591 1528 eternam
1613 1461 1732 1528 exinde
1750 1465 1822 1547 (per
1841 1461 1998 1528 meritum

639 1569 769 1648 christi)
790 1567 949 1654 consequj
969 1566 1061 1634 haud
1079 1565 1179 1634 dubie
1197 1585 1374 1650 speramus
1394 1565 1457 1632 hee
1475 1567 1683 1652 approbante
1698 1565 1844 1634 veridico
1862 1566 1999 1634 domino

639 1684 754 1740 nostro
786 1675 864 1741 lesu
895 1672 1021 1739 christo
1050 1670 1202 1737 veritatis
1232 1679 1327 1756 patre
1358 1670 1491 1738 dicente
1524 1673 1602 1739 date
1636 1672 1874 1740 eleemosinam
1911 1673 1999 1753 (luce

639 1779 800 1858 secundo)
821 1776 990 1864 Quoniam
1009 1775 1214 1842 eleemosina
1233 1776 1276 1842 ab
1294 1775 1386 1859 omnj
1407 1785 1547 1860 peccato
1565 1785 1599 1842 et
1615 1785 1723 1843 morte
1741 1776 1861 1844 liberat
1879 1785 1913 1843 et
1930 1797 1998 1842 non

639 1882 787 1968 patietur
812 1881 962 1950 animam
989 1880 1037 1946 ire
1063 1874 1278 1946 in‘tenebras
1303 1878 1446 1958 (Thobie
1472 1879 1684 1960 duodecimo)
1709 1882 1807 1966 Aqua
1834 1880 1998 1966 extinguit

640 1987 760 2072 Ignem
782 1995 815 2052 et
836 1983 1040 2052 eleemosina
1062 1983 1188 2049 resistit
1211 1983 1361 2068 peccatis
1382 1982 1615 2062 (ecclesiastici
1637 1983 1749 2064 tertio)
1773 1985 1919 2051 Peccata
1938 1995 1998 2050 tua

640 2089 853 2156 eleemosinis
868 2089 995 2156 redime
1009 2087 1164 2168 (danielis
1175 2091 1308 2172 quarto)
1327 2087 1407 2154 Sola
1419 2087 1623 2154 eleemosina
1635 2099 1686 2154 est
1698 2109 1813 2155 comes
1827 2089 1999 2156 defuncto·

639 2215 714 2260 rum
741 2193 850 2278 inquit
877 2193 976 2260 diuus
1002 2191 1192 2260 ambrosius
1217 2191 1376 2260 Plurimis
1389 2191 1503 2258 ⁴etiarn
1531 2193 1618 2260 sacri
1643 2193 1765 2278 eloquij
1793 2193 1999 2278 testimoniis

641 2299 731 2364 Illud
757 2319 856 2384 posse
882 2297 1092 2383 comprobari
1119 2305 1253 2364 constat
1281 2295 1453 2366 Noueritis
1480 2318 1534 2363 me
1562 2297 1670 2382 Igitur
1695 2297 1730 2364 in
1757 2299 1918 2364 honorem
1945 2297 1999 2364 dei

639 2401 882 2488 omnipotentis
911 2402 1056 2486 gloriose
1081 2401 1221 2486 virginis
1247 2401 1351 2468 marie
1378 2399 1528 2467 eiusdem
1558 2401 1730 2486 genitricis
1755 2402 1908 2468 omnium
1934 2424 1999 2488 que

640 2517 835 2574 sanctorum
851 2529 911 2592 pro
930 2507 1039 2574 salute
1057 2505 1169 2574 anime
1188 2527 1262 2572 mee
1277 2515 1456 2592 parentum
1472 2515 1506 2572 et
1524 2505 1775 2574 benefactorum
1795 2529 1946 2573 meorum
1965 2515 1999 2572 et

641 2611 781 2678 Illorum
803 2611 955 2678 omnium
979 2633 1000 2678 a
1020 2610 1142 2696 quibus
1164 2608 1278 2696 aliqua
1301 2611 1389 2678 bons
1412 2609 1525 2676 minus
1547 2611 1641 2676 Iuste
1663 2609 1765 2696 habuj
1790 2619 1824 2678 et
1847 2610 1998 2678 omnium

639 2715 789 2782 fidelium
820 2715 1053 2782 defunctorum
1080 2714 1212 2782 dedisse
1238 2713 1446 2780 concessisse
1471 2723 1505 2780 et
1530 2713 1566 2780 in
1592 2735 1711 2799 puram
1738 2724 1772 2782 et
1802 2726 1998 2800 perpetuam

639 2819 852 2888 elimosinam
875 2819 1043 2886 dimisisse
1067 2820 1208 2886 Necnon
1230 2827 1346 2886 tenore
1369 2817 1576 2904 presentium
1600 2820 1680 2886 dare
1703 2821 1885 2886 concedere
1908 2829 1941 2886 et
1964 2818 1999 2886 iu

640 2945 759 3010 puram
779 2933 812 2990 et
833 2932 1030 3011 perpetuam
1051 2921 1291 2988 eleemosinam
1312 2921 1481 2990 dimittere
1499 2932 1538 2990 et.
1553 2923 1618 2990 hae
1633 2933 1788 3008 presente
1809 2933 1903 2992 carta
1923 2943 2000 2991 mea

639 3029 841 3098 confirmare
866 3027 1113 3094 venerabilibus
1139 3036 1173 3092 et
1202 3025 1357 3094 discretis
1382 3025 1464 3094 viris
1486 3037 1607 3094 curato
1631 3038 1665 3094 et
1691 3027 1877 3114 capellanis
1906 3027 2000 3100 chori

640 3133 782 3200 ecclesie
802 3131 1005 3218 parochialis
1025 3131 1114 3216 beatj
1137 3130 1259 3217 nicolaj
1284 3133 1325 3198 de
1348 3131 1507 3200 abirdeue
1530 3141 1562 3198 et
1586 3133 1658 3200 suis
1675 3132 1925 3200 successoribus
1945 3153 2000 3200 ca·

640 3237 784 3324 pellanis
803 3235 884 3302 dicti
906 3234 999 3302 chori
1014 3235 1262 3320 imperpetuum
1278 3245 1388 3302 totum
1404 3245 1438 3302 et
1453 3235 1623 3320 integrum
1637 3257 1741 3304 vnum
1760 3257 1912 3305 annuum
1928 3238 2000 3304 red·
2048 3267 2051 3276 ⁴

640 3340 748 3408 ditum
770 3361 883 3409 meum
901 3339 1019 3428 vigintj
1042 3361 1101 3406 sex
1123 3339 1307 3408 solidorum
1330 3349 1364 3406 et
1386 3349 1463 3408 octo
1483 3340 1696 3408 denariorum
1717 3340 1845 3408 usualis
1865 3351 2000 3408 monete

640 3445 733 3530 regnj
751 3443 856 3511 scotie
871 3443 1048 3510 annuatim
1065 3443 1248 3511 leuandum
1264 3453 1297 3510 et
1313 3443 1565 3529 percipiendum
1581 3447 1624 3512 ad
1640 3448 1725 3512 duos
1740 3446 1818 3531 annj
1836 3445 1999 3512 terminos

640 3549 775 3616 usuales
789 3547 996 3634 penticostes
1006 3547 1162 3614 videlicet
1178 3557 1212 3614 et
1228 3548 1337 3614 sancti
1353 3547 1488 3634 martinj
1502 3548 1538 3614 in
1554 3549 1675 3634 hyeme
1690 3571 1750 3634 per
1763 3550 1900 3634 equales
1914 3552 2000 3617 duas

641 3652 770 3719 medias
790 3651 961 3738 portiones
981 3654 1023 3718 de
1042 3661 1115 3718 tota
1136 3661 1169 3718 et
1190 3652 1321 3737 integra
1342 3652 1407 3718 llla
1422 3659 1511 3718 terra
1529 3652 1686 3718 interiore
1706 3663 1740 3720 et
1759 3664 1834 3720 orto
1849 3647 1998 3720 eiusd'em

567 3741 570 3748 ⁵
641 3755 829 3842 pertinente
849 3757 1020 3840 quondam
1044 3755 1226 3822 alexandro
1245 3765 1404 3822 wentoun
1429 3776 1507 3822 cum
1532 3757 1603 3822 suis
1622 3757 1839 3842 pertinenciis
1863 3759 1999 3824 Iacente

640 3859 728 3926 infra
738 3859 865 3926 dictum
879 3861 1021 3945 burgum
1034 3859 1068 3926 in
1078 3859 1153 3926 vico
1164 3860 1334 3927 furcarum
1346 3881 1387 3926 ex
1398 3859 1551 3944 orientalj
1566 3869 1661 3945 parte
1673 3861 1822 3928 eiusdem
1834 3861 1899 3946 vicj
1913 3861 2001 3926 inter

640 3973 765 4030 terram
778 3965 948 4048 quondam
964 3963 1080 4030 thome
1096 3965 1233 4031 scherar
1247 3985 1289 4030 ex
1304 3963 1428 4050 borealj
1446 3985 1487 4030 ex
1501 3985 1568 4031 vna
1583 3974 1709 4032 terram
1724 3966 1863 4050 villelmj
1881 3985 2000 4032 carnes

641 4089 682 4134 ex
700 4067 840 4154 australj
861 4067 1014 4154 partibus
1032 4069 1075 4136 ab
1095 4069 1201 4136 altera
1219 4078 1344 4136 terram
1363 4067 1564 4136 anteriorem
1584 4069 1665 4137 dicti
1682 4070 1866 4155 tenementj
1883 4089 2000 4136 versus

641 4171 799 4240 occidens
817 4182 850 4240 et
874 4193 1090 4240 communem
1113 4173 1203 4240 viam
1229 4173 1356 4259 regiam
1381 4194 1498 4240 versus
1524 4173 1636 4240 oriens
1660 4173 1939 4242 TENENDUM
1966 4183 2000 4240 et

641 4275 834 4346 babendum
845 4286 956 4346 totum
972 4287 1005 4344 et
1020 4277 1190 4363 integrum
1205 4277 1332 4346 dictum
1345 4299 1497 4346 annuum
1508 4277 1677 4346 redditum
1689 4299 1767 4344 cum
1783 4277 2001 4364 pertinenciis

641 4380 780 4468 prelatis
792 4391 909 4450 curato
925 4391 959 4450 et
974 4382 1160 4468 capellanis
1171 4393 1206 4450 et
1217 4405 1334 4450 eorum
1350 4381 1600 4450 successoribus
1611 4382 1798 4468 capellanis
1808 4381 1890 4450 dieti
1903 4381 1998 4482 chori

640 4487 670 4552 A
686 4507 741 4554 me
756 4485 935 4554 heredibus
954 4495 988 4554 et
1008 4486 1191 4572 assignatis
1210 4486 1295 4554 meis
1310 4490 1353 4554 de
1367 4507 1525 4572 suprema
1542 4487 1680 4554 domina
1698 4495 1814 4554 nostra
1832 4487 1948 4572 regins
1966 4497 2000 4554 et

641 4589 712 4658 suis
728 4589 978 4661 successoribus
995 4589 1132 4674 regibus
1146 4613 1207 4660 seu
1222 4591 1347 4677 reginis
1362 4591 1468 4658 scotie
1487 4593 1528 4658 ln
1545 4591 1644 4658 feodo
1659 4589 1862 4676 patrimonio
1876 4601 1910 4658 et
1926 4611 2000 4677 pro-
