4490 5990
546 663 679 734 Rana
699 663 877 734 reddituum
898 667 1009 734 altores
1032 667 1114 734 beate
1134 667 1235 736 naaria
1256 667 1392 756 virgins
1608 673 1649 740 61

288 847 384 926 parte
393 835 594 924 occidentali
607 837 757 908 eiusdem
769 837 858 908 inter
867 848 993 910 terram
1004 839 1156 908 vilhelmi
1167 841 1423 928 fodryngamme
1434 865 1475 912 ex
1486 853 1581 930 pane
1594 846 1651 914 ho-

287 943 362 1012 riali
374 953 408 1012 et
420 953 544 1014 terram
560 945 732 1031 quondam
744 944 889 1014 Dauidis
903 945 1000 1014 traile
1013 967 1054 1013 ex
1066 955 1162 1032 parte
1173 947 1312 1034 australj
1330 948 1362 1034 vj
1376 948 1502 1016 solidos
1514 959 1547 1018 et
1559 949 1615 1036 viij
1630 952 1651 1017 d

376 1049 465 1116 Item
491 1049 533 1116 de
558 1059 648 1118 terra
677 1047 839 1118 heredum
865 1049 947 1118 dicti
979 1052 1149 1136 quondam
1176 1051 1277 1120 dauid
1303 1052 1401 1121 traile
1427 1063 1460 1122 ct
1489 1054 1653 1124 Iohannis

288 1173 371 1239 gray
402 1155 542 1222 Iacente
573 1153 609 1222 in
646 1153 681 1242 ly
713 1154 869 1225 buthraw
901 1155 1052 1242 predicto
1085 1155 1174 1226 inter
1206 1167 1330 1226 terram
1363 1159 1504 1246 predictj
1536 1161 1653 1229 thome

289 1257 475 1343 blyndseile
505 1279 546 1326 ex
575 1267 672 1343 parte
701 1257 819 1328 boriali
848 1269 882 1328 et
912 1269 1036 1330 terram
1067 1261 1218 1350 symonis
1247 1263 1363 1334 blaher
1388 1285 1430 1334 ex
1455 1274 1550 1352 parte
1576 1289 1653 1335 aus·

290 1363 367 1450 tralj
1433 1372 1546 1458 vjset
1560 1373 1653 1460 viijd

377 1475 465 1542 Item
488 1475 530 1540 de
551 1482 641 1541 terra
662 1472 786 1542 roberti
808 1474 914 1542 fraser
936 1475 1075 1544 Iacente
1098 1474 1133 1542 in
1156 1475 1191 1564 ly
1213 1476 1368 1546 buthraw
1388 1477 1539 1566 predicto
1564 1478 1653 1547 inter

289 1577 460 1665 publicam
482 1577 572 1646 viam
594 1575 722 1664 regiam
745 1599 786 1646 ex
809 1589 905 1664 parte
931 1578 1048 1650 bon'ali
1075 1589 1109 1648 et
1135 1589 1261 1650 terram
1288 1581 1439 1650 vilhelmi
1462 1584 1503 1650 de
1529 1583 1652 1651 fodrin·

290 1705 426 1771 gaam
441 1703 481 1750 ex
496 1693 593 1772 parte
608 1683 748 1769 australi
1209 1685 1243 1773 iij
1261 1686 1307 1756 lib
1321 1687 1353 1774 vj
1371 1687 1496 1756 solidos
1511 1698 1545 1756 et
1560 1689 1616 1774 viij
1631 1689 1652 1756 d

377 1791 466 1856 Item
491 1809 532 1856 ex
557 1808 648 1856 noua
672 1786 874 1856 fundacione
899 1787 1084 1858 allexandri
1109 1789 1217 1858 fraser
1242 1793 1413 1877 quondam
1440 1791 1546 1878 patris
1570 1792 1652 1860 dicti

289 1895 411 1982 robertj
442 1915 618 1981 nonnuper
642 1895 790 1982 deiunctj
819 1896 1029 1964 memorandi
1055 1897 1145 1982 quod
1170 1896 1235 1964 iste
1259 1917 1393 1966 annuus
1419 1898 1570 1967 redditus
1599 1909 1651 1966 est

291 2021 472 2070 concessus
487 2023 529 2070 ex
541 2001 646 2070 fundo
661 2001 750 2070 dicte
765 2010 854 2070 terre
869 2001 963 2070 nullo
978 2023 1056 2070 eum
1071 2004 1272 2088 precedente

636 2143 788 2210 Redditus
802 2143 937 2210 edum
950 2143 1062 2210 aduris
1077 2143 1113 2210 in
1128 2144 1194 2210 vico
1209 2143 1305 2230 castrj

377 2285 431 2352 De
457 2293 545 2353 terra
571 2307 636 2372 que
662 2284 785 2354 dicitur
804 2285 839 2374 ly
862 2287 1023 2374 Newport
1046 2309 1148 2374 qnam
1170 2295 1288 2354 tenent
1312 2286 1453 2356 heredes
1479 2289 1649 2375 quondam

290 2391 413 2458 andree
424 2391 632 2478 kymysoune
644 2399 678 2458 et
691 2391 862 2458 Iohannes
874 2391 964 2458 filius
975 2391 1098 2478 robertj
1110 2393 1152 2459 de
1163 2391 1263 2476 elgyn
1276 2393 1414 2458 Iacente
1426 2391 1514 2458 inter
1524 2401 1649 2458 terram

290 2495 453 2563 Iohannis
469 2497 510 2564 de
528 2497 663 2584 henyng
681 2519 799 2564 versus
819 2495 977 2565 occidens
997 2507 1031 2564 et
1051 2507 1121 2564 tres
1141 2497 1294 2584 publicas
1311 2497 1385 2565 vias
1403 2497 1513 2584 regias
1532 2520 1651 2566 versus
1685 2565 1691 2579 ,

290 2601 424 2670 boriens
439 2601 550 2670 oriens
564 2611 598 2669 et
614 2611 767 2671 austrum
1277 2603 1352 2689 xrrvj
1370 2603 1496 2671 solidos
1510 2613 1543 2670 et
1559 2603 1615 2690 viij
1630 2606 1652 2671 d

380 2709 469 2776 Item
485 2709 526 2776 de
541 2718 632 2776 terra
647 2709 817 2796 quondam
833 2706 961 2794 henricj
979 2717 1139 2794 prestoun
1155 2729 1257 2794 quam
1273 2729 1363 2776 nunc
1384 2718 1477 2776 tenet
1493 2707 1657 2795 gilbertus

290 2835 425 2882 menzes
441 2815 580 2882 Iacente
591 2837 632 2882 ex
647 2825 742 2902 parte
758 2813 876 2882 boriali
887 2813 952 2882 vici
968 2813 1070 2900 castrj
1088 2813 1229 2900 predicti
1244 2813 1332 2880 inter
1346 2823 1470 2880 terram
1488 2813 1651 2882 Iohannis

290 2919 411 3006 kyntor
433 2941 474 2986 ex
499 2929 595 3008 parte
622 2919 821 3006 occidentalj
848 2941 889 2988 ex
913 2940 981 2986 vna
1010 2928 1044 2986 et
1073 2929 1198 2986 terram
1228 2919 1290 2986 ade
1321 2920 1455 3006 henyng
1483 2940 1525 2985 ex
1553 2927 1650 3004 parte

290 3024 443 3110 orientalj
1454 3023 1507 3110 xvj
1525 3023 1650 3091 solidos

376 3132 463 3198 Item
487 3131 530 3197 de
552 3139 641 3198 terra
665 3127 828 3198 Iohannis
850 3129 987 3196 scherar
1010 3130 1051 3197 de
1077 3129 1156 3196 deer
1183 3130 1321 3196 Iacente
1343 3151 1388 3196 ex
1410 3139 1505 3214 pane
1531 3128 1649 3196 boriali
1672 3153 1827 3206 Prodnctum
1842 3155 1871 3220 9·

288 3233 439 3303 eiusdem
468 3233 533 3320 vicj
550 3231 653 3324 {inter
681 3244 806 3302 terram
845 3231 1008 3302 Iohannis
1042 3234 1155 3301 bowar
1191 3257 1293 3320 quam
1330 3233 1441 3301 dictus
1479 3233 1650 3302 Iohannes
1671 3219 1814 3272 ⁶⁰⁰⁸¹¹¹b¹³⁸

1671 3301 1741 3338 anno
1753 3301 1817 3351 153⁰

289 3339 425 3408 scherar
443 3339 611 3410 inhabitat
632 3361 673 3407 ex
692 3350 788 3427 parte
802 3337 956 3426 orientalj
974 3361 1014 3406 ex
1035 3360 1102 3407 vna
1125 3348 1159 3406 et
1181 3348 1305 3407 terram
1331 3337 1494 3407 Iohannis
1516 3341 1651 3426 henyng
1671 3351 1697 3402 in
1709 3353 1852 3402 caumont

290 3454 442 3532 exparte
459 3445 660 3532 occidentali
1488 3467 1509 3512 x
1524 3444 1650 3512 solidos
1671 3415 1837 3537 ffiffim

377 3554 464 3620 Item
480 3553 522 3620 de
536 3561 627 3620 terra
643 3549 807 3618 Iohannis
822 3549 960 3618 archere
979 3551 1116 3618 Iacente
1138 3549 1173 3616 in
1195 3550 1286 3618 fossa
1304 3547 1407 3618 castri
1422 3549 1511 3617 inter
1524 3560 1648 3618 temam
1671 3547 1793 3599 andream

288 3655 566 3744 Wilhelmipultj
584 3665 735 3744 exparte
753 3655 894 3726 australi
909 3677 1030 3724 exvna
1050 3663 1084 3722 et
1108 3676 1322 3723 communem
1345 3653 1435 3722 viam
1458 3653 1585 3742 regiam
1609 3675 1650 3721 ex
1671 3613 1773 3665 senem

288 3770 385 3848 parte
400 3761 517 3847 borialj
534 3761 687 3848 partibus
702 3762 745 3830 ab
760 3759 867 3830 altera
1601 3781 1650 3825 vs

845 3903 889 3968 In
904 3900 971 3968 vico
985 3900 1022 3966 de
1028 3900 1102 3987 sup

376 4043 464 4111 Item
491 4043 533 4110 de
558 4041 663 4110 crofto
689 4041 875 4110 allexandri
901 4063 1003 4128 cryne
1026 4041 1124 4127 juxta
1149 4039 1297 4107 riuulum
1318 4049 1477 4106 vocatum
1504 4037 1649 4106 colerike

289 4158 440 4234 exparte
455 4146 594 4234 australi
611 4146 761 4214 eiusdem
1488 4164 1510 4210 v
1525 4141 1650 4210 solidos

875 4287 919 4356 In
934 4287 964 4374 ly
977 4308 1071 4374 grem

376 4431 464 4499 Item
491 4431 533 4501 de
558 4440 649 4500 terra
672 4429 836 4499 Iohannis
856 4431 944 4500 Club
965 4428 1122 4498 tinctoris
1152 4429 1290 4497 Iacente
1312 4451 1353 4497 ex
1375 4437 1471 4516 parte
1493 4428 1648 4515 orientali

289 4538 499 4623 aqueductus
513 4536 602 4604 inter
615 4547 740 4605 terram
761 4535 912 4604 eiusdem
937 4535 1101 4604 Iohannis
1123 4543 1279 4620 exparte
1301 4535 1441 4603 australi
1464 4555 1505 4602 ex
1526 4555 1593 4603 vna
1616 4545 1650 4602 et

287 4653 413 4714 terram
429 4641 614 4712 allexandri
629 4643 752 4730 kyntor
767 4649 918 4729 exparte
933 4641 1050 4710 boriali
1065 4639 1218 4727 partibus
1234 4641 1276 4708 ab
1291 4639 1398 4708 altera
1485 4639 1507 4727 ij
1525 4639 1651 4710 solidos
