4460 5984
634 683 768 752 Rentale
788 682 929 750 olima
950 687 979 748 et
999 680 1302 748 Amsiuersan'mm
1417 750 1420 762 ,
1591 699 1654 766 215

182 928 194 962 ·
292 857 430 930 sarium
443 857 609 945 capellanj
629 856 845 926 celebrabunt
868 853 903 922 in
926 854 992 923 hac
1013 853 1123 922 forma
1136 853 1292 922 videlicet
1307 875 1411 922 vnum
1428 853 1601 941 trigintale
1617 854 1652 922 in

291 967 379 1034 festo
395 965 602 1052 ponticostes
617 972 651 1031 et
666 961 767 1029 Aliud
782 961 818 1027 in
832 960 919 1029 festo
943 959 1061 1028 Sancti
1076 959 1211 1046 martinj
1229 960 1316 1028 infra
1330 960 1454 1028 dictam
1473 959 1651 1028 ecclesiam
1673 975 1718 1028 tot
1733 973 1781 1029 so1

293 1089 353 1154 pro
369 1089 435 1152 quo
453 1065 673 1134 Inieodantur
687 1063 722 1130 in
737 1063 847 1132 decim
863 1085 880 1128 s
895 1073 929 1130 et
944 1073 1089 1148 quatuor
1102 1065 1124 1130 d
1139 1065 1181 1130 de
1195 1073 1286 1132 terra
1308 1065 1431 1130 andree
1455 1065 1601 1132 branche
1617 1065 1651 1132 in
1713 1087 1718 1094 ·

292 1171 368 1240 vico
391 1169 530 1238 nauium
554 1177 587 1236 et
614 1168 648 1234 in
671 1166 820 1253 quinque
846 1167 963 1235 solidis
986 1169 1027 1234 de
1050 1167 1171 1236 horreo
1193 1169 1363 1253 quondam
1391 1167 1507 1236 thome
1532 1169 1652 1238 culane

292 1273 448 1344 videlicet
463 1273 683 1342 celebrandas
696 1271 788 1358 xlviij
806 1271 930 1340 missas

379 1484 503 1554 Obitus
524 1483 694 1570 quondam
719 1479 883 1550 Iohannis
905 1480 1036 1569 gilespy
1051 1480 1086 1548 in
1107 1481 1194 1548 festo
1218 1481 1335 1550 Sancti
1356 1480 1533 1550 michaelis
1550 1483 1650 1552 Anno
1672 1495 1766 1576 ohim·
1780 1497 1873 1552 1ohan-

292 1589 420 1660 domini
435 1589 617 1660 millesimo
632 1587 964 1674 quadringentesimo
981 1587 1240 1674 Septuagesimo
1262 1589 1410 1656 secundo
1434 1587 1541 1657 Cuius
1555 1589 1650 1656 anni·
1672 1563 1826 1632 ΜΨ

292 1693 479 1764 uersarium
500 1692 668 1782 capellani
688 1691 905 1760 celebrabunt
920 1689 1076 1760 videlicet
1096 1712 1201 1758 vnum
1220 1689 1393 1776 trigintale
1408 1691 1594 1758 Annuatim
1615 1691 1650 1760 in

291 1799 383 1868 dicto
398 1798 452 1866 die
468 1808 502 1866 et
517 1796 688 1866 ebdomita
706 1795 860 1882 sequenti
876 1797 919 1864 ad
934 1795 1041 1862 altare
1060 1795 1177 1862 Sancti
1196 1794 1380 1881 Sanguinis
1394 1804 1428 1862 et
1444 1795 1512 1862 alia
1529 1795 1651 1864 altaria

291 1903 425 1972 circiter
435 1901 502 1970 sita
518 1902 583 1970 Pro
594 1923 661 1987 quo
678 1900 897 1968 Infeodantur
909 1898 944 1966 in
955 1899 1064 1968 decim
1080 1899 1198 1968 solidis
1208 1901 1250 1968 de
1261 1909 1351 1969 terra
1362 1899 1469 1986 ipsius
1486 1899 1650 1969 Iohannis

291 2009 327 2076 in
341 2009 417 2077 vico
430 2009 600 2077 furcarum
616 2015 716 2094 prout
731 2007 932 2093 respondere
946 2005 1052 2073 velint

379 2217 501 2288 Obitus
526 2217 698 2304 quondam
723 2217 857 2284 Andree
883 2215 973 2302 alanj
998 2215 1143 2284 infesto
1170 2215 1287 2284 Sancti
1313 2217 1526 2286 berthilomei
1548 2219 1647 2286 Anno
1669 2238 1872 2294 ommentans·

290 2323 418 2392 domini
448 2322 629 2390 millesimo
658 2321 990 2407 quadringentesimo
1028 2321 1287 2408 Septuagesimo
1316 2343 1405 2388 nono
1435 2345 1496 2410 pro
1525 2323 1647 2410 quibus
1668 2305 1856 2422 fflfjigff*

290 2429 425 2496 Andrea
440 2438 474 2496 et
490 2425 629 2495 cristina
646 2426 811 2512 capellanj
829 2425 1005 2494 annuatim
1026 2425 1243 2494 celebrabunt
1258 2425 1293 2494 in
1308 2426 1460 2513 proxima
1477 2427 1647 2496 dominica
1669 2451 1715 2488 sue
1726 2437 1844 2503 coniugi·

290 2543 368 2619 post
393 2533 517 2602 festum
542 2530 659 2600 Sancti
686 2531 897 2600 berthilomei
918 2553 1021 2598 vnam
1046 2531 1186 2598 missam
1208 2533 1250 2598 de
1275 2541 1357 2600 nota
1380 2554 1458 2600 cum
1482 2531 1646 2618 trigintali

291 2645 488 2723 sequentem
514 2657 575 2721 per
600 2634 805 2702 ebdomitam
833 2645 866 2702 et
893 2634 1052 2720 exequias
1077 2635 1312 2704 defunctorum
1339 2658 1416 2704 cum
1446 2637 1586 2722 placebo
1612 2645 1647 2704 et

291 2741 395 2828 dirige
411 2741 445 2808 in
459 2743 586 2808 Sabato
598 2741 790 2828 precedenti
805 2763 865 2827 pro
877 2740 998 2828 quibus
1010 2741 1206 2828 capellanus
1221 2751 1403 2828 perpetuus
1418 2741 1536 2810 altaris
1548 2745 1646 2812 beate

290 2847 396 2916 marie
407 2847 607 2932 magdalene
618 2846 794 2914 annuatim
806 2845 992 2934 capellanis
1003 2846 1199 2934 prescriptis
1209 2847 1378 2934 persoluet
1389 2847 1509 2934 viginti
1522 2849 1647 2918 solidos

290 2962 425 3020 monete
442 2951 547 3020 scotie
564 2951 765 3020 Immediate
781 2961 858 3038 post
873 2951 1138 3020 celebracionem
1154 2951 1348 3020 huiusmodi
1363 2953 1584 3040 anniuersarij

378 3165 500 3234 Obitus
523 3166 693 3252 quondam
716 3164 881 3236 Willelmi
906 3165 1010 3232 Retre
1032 3163 1068 3232 in
1091 3163 1260 3234 dominica
1282 3174 1359 3252 post
1380 3165 1505 3232 festum
1529 3163 1647 3233 Sancti
1669 3175 1763 3254 osopo
1773 3176 1840 3230 utt-

289 3271 438 3340 leonardi
461 3275 560 3340 Anno
581 3269 708 3358 dominj
733 3269 914 3340 millesimo
936 3271 1269 3358 quadringentesimo
1291 3271 1522 3356 octuagesimo
1541 3271 1647 3340 Cuius
1669 3241 1828 3294 ¹⁸¹¹¹¹¹R⁶t¹⁸

288 3377 557 3446 anniuersarium
587 3377 804 3446 celebrabunt
834 3375 1011 3445 annuatim
1048 3375 1083 3442 in
1121 3377 1238 3444 eadem
1269 3375 1438 3444 dominica
1468 3377 1511 3444 ad
1541 3375 1648 3444 altare

289 3482 407 3551 Sancti
433 3480 609 3568 sanguinis
638 3503 715 3550 cum
746 3479 895 3568 exequiis
924 3481 1159 3551 defunctorum
1186 3483 1228 3548 de
1254 3481 1394 3568 placebo
1420 3491 1454 3550 et
1480 3481 1586 3568 dirige
1612 3481 1647 3550 in

289 3585 416 3656 Sabato
441 3584 633 3672 precedenti
660 3585 707 3654 Et
737 3605 815 3653 curn
846 3583 951 3652 missa
977 3585 1019 3652 de
1044 3593 1126 3654 nota
1152 3583 1187 3652 in
1212 3584 1382 3652 dominica
1409 3607 1448 3652 ac
1475 3583 1646 3672 trigentali

289 3701 486 3778 sequentem
510 3713 570 3778 per
588 3689 795 3763 ebdomitam
818 3711 878 3776 pro
900 3689 1120 3758 Infeodantur
1139 3689 1175 3756 in
1193 3689 1250 3776 xiij
1279 3712 1296 3758 s
1319 3699 1352 3757 et
1376 3689 1423 3775 iiij
1447 3690 1469 3757 d
1492 3692 1534 3756 de
1557 3700 1646 3758 terra

288 3795 395 3883 ipsius
413 3797 582 3882 quondam
599 3794 765 3866 Willelmi
781 3817 883 3880 quam
906 3794 1102 3864 Willelmus
1123 3793 1290 3864 Abirdour
1311 3805 1455 3882 occupat
1476 3804 1510 3862 et
1529 3793 1561 3881 vj
1580 3806 1646 3862 set

287 3899 344 3988 viij
362 3903 383 3969 d
399 3903 441 3968 de
455 3910 545 3970 terra
560 3901 677 3970 thome
692 3921 777 3987 oyge
791 3899 826 3968 in
841 3899 917 3968 vico
932 3899 1034 3968 castri

374 4109 498 4180 Obitus
520 4112 690 4196 quondam
718 4110 882 4198 Stephani
908 4111 950 4180 de
976 4109 1141 4199 balronny
1164 4157 1173 4178 .
1197 4157 1206 4177 .
1231 4159 1240 4178 .
1263 4109 1370 4180 Cuius
1392 4107 1644 4178 anniuersarius
1664 4125 1707 4179 tot
1722 4125 1772 4180 st⁸

286 4214 510 4284 celebrabitur
536 4214 712 4282 annuatim
739 4213 773 4281 in
800 4215 969 4284 dominica
996 4225 1072 4304 post
1097 4215 1222 4283 festum
1249 4213 1442 4302 Epiphania
1467 4215 1510 4282 ad
1536 4213 1643 4282 altare
1663 4257 1757 4310 osten·

287 4323 405 4391 Sancti
422 4321 578 4409 stephani
595 4343 672 4389 cum
688 4321 837 4408 exequiis
853 4323 894 4388 de
910 4321 1050 4407 placebo
1072 4331 1106 4388 et
1129 4319 1235 4407 dirige
1250 4319 1284 4387 in
1301 4320 1428 4388 Sabato
1443 4319 1642 4406 precedente
1664 4323 1789 4390 stephani

287 4437 320 4510 et
336 4449 413 4494 cum
431 4427 535 4494 missa
551 4427 592 4493 de
607 4435 688 4492 nota
703 4425 737 4492 in
753 4425 922 4492 dominica
945 4424 1098 4510 sequenti
1113 4447 1154 4492 ac
1168 4423 1333 4510 trigintali
1353 4445 1414 4510 per
1435 4421 1641 4491 ebdomitam
1662 4388 1790 4455 my

287 4533 333 4600 Et
355 4531 550 4618 capellanus
574 4529 692 4598 altaris
715 4529 833 4600 Sancti
857 4529 1021 4616 Stephani
1044 4531 1248 4616 respondent
1263 4551 1324 4616 pro
1338 4527 1459 4616 viginti
1479 4550 1496 4596 s
1515 4549 1642 4596 annua·

285 4637 348 4706 tim
366 4637 507 4724 collegio
524 4659 584 4724 pro
600 4635 792 4704 huiusmodi
811 4635 954 4703 seruicio
