4460 5984
607 655 738 742 lientala
759 653 899 720 obituum
920 659 951 720 et
969 651 1272 720 Anniumariorum
1553 671 1616 736 223

348 827 471 896 Obitus
499 829 670 912 quondam
700 829 787 894 bone
817 826 978 894 memorie
1017 825 1180 894 Iohannis
1209 825 1333 894 ltnollis
1370 825 1546 912 burgensis
1575 827 1617 894 de
1639 833 1733 888 otum
1746 851 1825 904 quon-

260 932 428 1000 Abirdene
453 942 486 999 et
514 933 657 1000 mariote
682 932 803 1018 bigone
830 953 952 1018 sponse
981 951 1040 1000 sue
1063 933 1097 1000 in
1120 942 1220 1000 nocte
1243 932 1472 1000 conuersionis
1499 933 1616 1000 Sancti
1639 901 1778 1018 ῗῃᾝξῗ

260 1036 352 1122 pauli
378 1057 468 1102 anno
493 1035 620 1102 domini
650 1035 830 1102 millesimo
860 1035 1191 1120 quadringentesimo
1219 1035 1438 1120 nonagesimo
1469 1037 1616 1102 secundo
1640 1031 1763 1108 19112111112
1772 1032 1843 1112 {¹⁰0¹-

262 1159 403 1222 quorum
419 1137 672 1206 anniuersarius
690 1137 867 1204 annuatim
891 1137 1114 1204 celebrabitur
1129 1139 1172 1204 ad
1188 1137 1295 1204 altare
1311 1137 1428 1204 Sancti
1453 1137 1616 1205 iohannis
1638 1096 1745 1227 liga?
1747 1107 1843 1230 {331²oe

261 1241 410 1326 baptiste
431 1239 518 1308 infra
540 1240 719 1308 ecclesiam
736 1239 853 1308 Sancti
875 1239 1044 1326 Nicholaij
1063 1241 1104 1308 de
1119 1239 1257 1307 abirden
1274 1241 1314 1306 In
1331 1241 1432 1307 modo
1453 1239 1562 1308 forma
1583 1249 1618 1306 et
1639 1243 1685 1278 ⁸²¹⁶

261 1343 382 1410 effectu
412 1343 694 1430 subsequentibus
725 1365 784 1428 per
812 1342 976 1408 vicarium
1007 1351 1041 1410 et
1071 1342 1267 1428 capellanos
1299 1341 1431 1427 collegij
1466 1341 1618 1410 eiusdem

260 1445 417 1517 videlicet
432 1445 590 1531 exequias
605 1445 839 1512 defunctorum
855 1444 996 1530 placebo
1011 1453 1045 1510 et
1061 1443 1166 1528 dirige
1180 1443 1216 1510 in
1233 1444 1359 1510 Sabatc
1375 1443 1526 1530 proximo
1542 1453 1619 1530 post

260 1548 384 1616 festum
412 1546 642 1615 conuersionis
668 1545 785 1614 Sancti
812 1545 904 1632 pauli
934 1545 1150 1614 celebrabunt
1177 1555 1210 1612 et
1237 1545 1377 1612 missam
1404 1547 1445 1613 de
1473 1555 1555 1614 nota
1584 1545 1619 1614 in

261 1649 431 1718 dominica
446 1647 597 1735 proxima
613 1647 691 1716 inde
706 1657 868 1734 sequente
880 1669 958 1714 cum
974 1647 1138 1732 trigintali
1154 1667 1213 1732 per
1229 1647 1448 1716 Ebdornitam
1464 1657 1499 1714 vt
1516 1649 1619 1716 moris

261 1761 313 1820 est
338 1753 481 1838 Insuper
503 1751 584 1820 dicti
606 1749 752 1818 vicarius
773 1759 807 1818 et
830 1749 995 1836 capellani
1014 1750 1163 1818 inueniet
1187 1751 1364 1818 annuatim
1387 1751 1569 1820 luminaria
1583 1752 1619 1820 in

261 1858 378 1924 eodem
412 1853 642 1924 anniuersario
671 1853 823 1922 tabulam
853 1852 988 1922 solitam
1026 1873 1127 1938 super
1164 1854 1410 1922 monimentum
1443 1854 1618 1924 situabunt

261 1957 429 2044 pallioque
447 1955 578 2025 decenti
602 1955 771 2042 cooperiet
793 1975 854 2041 pro
876 1977 943 2042 quo
968 1955 1188 2024 Inieodantur
1202 1958 1244 2023 de
1258 1977 1326 2024 vno
1348 1978 1462 2025 annuo
1485 1958 1618 2026 redditu

261 2059 429 2128 sexdecim
446 2059 630 2127 solidorum
652 2068 686 2126 et
709 2066 786 2126 octo
801 2057 1015 2126 denariorum
1037 2057 1079 2125 de
1101 2057 1207 2126 fundo
1220 2068 1309 2126 terre
1323 2059 1470 2145 duncanj
1488 2061 1618 2128 talzour

261 2161 296 2230 in
318 2161 393 2230 vico
414 2162 584 2230 furcarum
606 2170 641 2228 et
663 2161 705 2228 de
725 2181 793 2226 vno
816 2179 929 2226 annuo
947 2159 1079 2228 redditu
1101 2159 1326 2246 quadraginta
1348 2161 1561 2232 denariorum
1575 2165 1618 2232 de

260 2275 351 2334 terra
368 2263 530 2332 Iohannis
545 2262 696 2332 lundoris
713 2265 753 2329 In
769 2263 887 2330 eodem
902 2261 978 2330 vico

349 2469 471 2539 Obitus
494 2471 664 2554 quondam
688 2469 784 2534 Bone
810 2465 970 2534 memorie
992 2465 1223 2552 Thomeprat
1250 2468 1426 2554 burgensis
1453 2469 1549 2556 burgj
1576 2472 1618 2538 de
1638 2480 1744 2536 rotao²

261 2575 436 2642 Aberdene
461 2571 523 2638 tuit
549 2569 668 2638 vltimo
694 2569 748 2636 die
775 2568 902 2636 mensis
928 2569 1139 2654 Septembris
1159 2572 1257 2636 Anno
1284 2569 1411 2638 domini
1438 2571 1618 2640 millesimo
1639 2612 1823 2680 otituaquon-

262 2673 532 2762 quingentesimo
563 2672 668 2742 Cuius
698 2670 949 2739 anniuersarius
979 2671 1155 2755 annuatim
1185 2671 1410 2740 celebrabitur
1438 2677 1482 2742 ad
1512 2676 1618 2744 altare
1639 2678 1699 2728 ὀίω
1711 2677 1778 2756 bane

262 2787 458 2846 sanctorum
484 2775 617 2861 georgei
648 2773 794 2840 martiris
817 2783 850 2840 et
873 2773 988 2839 thome
1011 2772 1165 2860 Apostoli
1192 2773 1278 2842 inira
1303 2775 1482 2844 ecclesiam
1509 2800 1619 2864 perro-
1639 2759 1797 2876 ffl‘ffm

262 2879 407 2948 chialem
438 2875 547 2946 sancti
584 2875 742 2962 nicholaij
776 2877 817 2945 de
848 2865 1017 2942 Abirdene
1052 2875 1215 2944 situatum
1235 2878 1288 2971 ¹In
1319 2879 1419 2946 modo
1449 2890 1483 2946 et
1511 2881 1620 2950 forma

262 2982 480 3069 sequentibus
513 3001 572 3068 per
607 2988 763 3047 curatum
793 2987 827 3046 et
857 2977 1051 3063 capellanos
1064 3064 1073 3084 ι
1088 2977 1245 3052 eiusdem,
1268 2979 1424 3050 videlicet
1461 2984 1620 3070 exequias

262 3087 495 3156 defunctorum
519 3081 658 3170 placebo
689 3091 722 3148 et
753 3079 858 3166 dirige
888 3080 923 3146 in
955 3081 1074 3148 sabato
1099 3081 1257 3168 proximo
1284 3083 1367 3150 Inde
1397 3095 1559 3172 sequente
1585 3097 1619 3156 et

263 3189 403 3258 missam
430 3189 471 3256 de
498 3185 590 3254 Nota
616 3183 650 3250 in
677 3183 829 3270 proxima
854 3181 1022 3251 dominica
1050 3206 1127 3272 cum
1154 3181 1317 3270 trigintali
1349 3185 1529 3256 missarum
1560 3213 1619 3276 per

263 3291 482 3362 Ebdomitam
499 3299 536 3358 ut
553 3288 656 3356 moris
672 3299 723 3355 est
739 3287 915 3372 annuatim
932 3289 1015 3379 Inde
1028 3297 1166 3356 curatus
1177 3298 1210 3356 et
1222 3289 1387 3389 capellanj
1402 3291 1619 3364 celebrabunt

262 3419 322 3486 pro
338 3395 447 3464 salute
463 3393 575 3462 anime
591 3417 651 3460 sue
664 3395 709 3459 Et
726 3414 785 3479 pro
802 3391 911 3460 salute
928 3393 1083 3461 mariorie
1100 3395 1205 3462 Ratre
1221 3417 1284 3472 sua¹
1297 3393 1419 3482 spo'nse
1436 3397 1555 3486 prioris
1570 3403 1619 3470 Ac

262 3501 374 3570 anime
389 3497 575 3567 Annabelle
598 3499 749 3584 gordoun
774 3519 896 3582 sponse
920 3519 980 3564 sue
1003 3499 1162 3565 moderna
1178 3509 1255 3584 post
1272 3521 1370 3566 suum
1387 3503 1563 3570 decessum
1579 3527 1619 3576 ac

262 3605 413 3674 omnium
430 3603 578 3672 fidelium
595 3601 828 3669 defunctorum
847 3603 989 3690 Insuper
1004 3603 1164 3670 collector
1179 3607 1360 3672 eorundem
1384 3627 1445 3694 pro
1468 3617 1619 3696 tempore

261 3711 413 3780 tabulam
437 3731 537 3796 super
560 3705 807 3774 monimentum
831 3729 930 3775 suurn
955 3707 1093 3775 situabit
1117 3711 1259 3776 eandem
1283 3709 1387 3798 pallio
1409 3713 1542 3780 decenti
1566 3735 1620 3782 co-

261 3814 387 3902 operiet
411 3812 612 3882 candelabra
636 3811 760 3880 locabit
784 3811 964 3880 luminaria
987 3811 1187 3882 sufficientia
1212 3815 1367 3883 inueniet
1391 3817 1531 3885 sacriste
1546 3841 1619 3906 pre·

261 3921 329 3990 late
353 3917 494 3988 ecclesie
517 3921 602 3986 duos
625 3918 751 3986 solidos
773 3919 950 3986 annuatim
974 3917 1083 3986 soluet
1106 3941 1166 4006 pro
1189 3919 1310 4005 quibus
1332 3919 1422 3990 trina
1437 3921 1509 3992 vice
1528 3946 1618 3992 cam·

261 4049 369 4115 panas
393 4025 654 4094 Ecclesiasticas
677 4027 720 4093 ad
743 4025 852 4092 dictas
874 4024 1033 4112 exequias
1059 4023 1206 4110 pulsabit
1230 4035 1263 4092 et
1287 4025 1339 4092 sik
1361 4027 1404 4096 ad
1431 4028 1554 4096 missas
1576 4031 1617 4098 de

262 4133 354 4200 Nota
370 4152 550 4219 preconem
573 4153 632 4218 per
654 4139 764 4198 totum
787 4132 930 4218 burgum
953 4129 1060 4218 preire
1083 4131 1236 4198 causabit
1259 4132 1435 4200 annuatim
1453 4133 1516 4202 Cui
1532 4136 1617 4203 duos

261 4237 416 4306 denarios
438 4235 614 4306 annuatim
637 4236 806 4324 persoluet
831 4237 895 4303 Pro
919 4257 984 4322 quo
1009 4237 1092 4303 Inde
1114 4235 1329 4304 infeodantur
1351 4237 1392 4304 de
1413 4259 1480 4304 vno
1503 4253 1617 4308 annuo

262 4341 411 4410 Reddita
432 4339 550 4428 vigintj
576 4339 758 4408 solidorum
781 4342 823 4409 de
844 4339 947 4408 fundo
970 4351 1057 4407 terre
1082 4341 1196 4408 Iacobi
1223 4339 1384 4409 collisone
1407 4339 1441 4410 in
1463 4341 1538 4412 vico
1562 4365 1615 4412 su·

260 4447 389 4534 periore
418 4445 559 4514 ecclesie
589 4468 630 4514 ex
659 4445 783 4532 borealj
815 4456 910 4534 parte
940 4445 1020 4514 dicti
1049 4445 1115 4531 vicj
1155 4447 1249 4512 Inter
1283 4456 1408 4513 terram
1445 4447 1614 4532 quondam

262 4551 424 4622 iohannis
438 4551 567 4642 scrogis
583 4575 623 4620 ex
638 4551 791 4622 orientali
808 4561 840 4620 et
857 4563 981 4620 terram
1003 4551 1129 4642 henricj
1149 4551 1223 4618 Red
1238 4573 1279 4618 ex
1294 4551 1494 4624 occidentali
1512 4553 1557 4622 Et
1574 4555 1615 4626 de
