4490 5990
617 661 661 754 78
765 660 961 730 Praecidacio
980 659 1109 748 collegio
1132 659 1372 748 capolim»
1392 681 1446 728 sex
1466 659 1661 736 uoluminum
1683 644 1836 730 librentur

618 835 728 902 lorum
752 841 786 902 et
812 833 945 920 registri
971 855 1012 902 ac
1038 831 1169 918 consilij
1193 831 1315 902 clerico
1337 833 1438 918 Apud
1464 831 1665 920 Edinburgh
1687 831 1859 902 Visesimo
1883 843 1979 904 sexto

618 938 671 1006 die
696 939 823 1006 mensis
849 939 1053 1008 Nouembris
1078 941 1178 1006 Anno
1205 938 1331 1024 dominj
1360 937 1540 1006 millesimo
1567 939 1848 1027 Quingentesimo
1874 941 1978 1008 tercio

619 1045 665 1108 Et
683 1043 792 1137 Regni
808 1043 915 1110 nostri
931 1045 1062 1110 decimo
1078 1053 1173 1110 sexto

704 1147 766 1214 hec
783 1157 833 1214 est
849 1170 929 1216 vera
952 1148 1048 1234 copia
1071 1150 1113 1216 ab
1136 1147 1291 1234 originali
1310 1157 1463 1218 extracta
1478 1150 1519 1216 de
1534 1151 1636 1216 verbo
1652 1149 1686 1216 in
1702 1152 1840 1218 verbum
1857 1150 1977 1218 colaci-

703 1262 807 1321 onata

1225 1587 1360 1654 XLIII.

623 1763 866 1946 OUINTA
881 1763 936 1832 die
951 1761 1078 1830 mensis
1095 1763 1171 1848 Iulij
1191 1765 1231 1830 In
1246 1763 1345 1830 Anno
1361 1763 1488 1850 dominj
1506 1761 1686 1832 millesimo
1707 1763 1978 1850 quingentesimo

757 1869 875 1953 quinto
903 1871 943 1936 In
970 1869 1044 1936 loco
1074 1868 1251 1954 capitulari
1282 1869 1382 1936 solito
1412 1868 1675 1954 Capellanorum
1706 1879 1739 1938 et
1769 1869 1976 1938 confratrum

617 1974 759 2042 ecclesie
775 1973 978 2059 parochialis
990 1973 1080 2041 beati
1096 1975 1252 2060 Nicholaj
1267 1975 1363 2060 burgi
1375 1977 1417 2042 de
1426 1973 1595 2042 Abirdene
1607 1975 1839 2060 capitulariter
1851 1977 1977 2044 aduna-

616 2089 728 2146 torum
759 2079 1025 2164 circumspectus
1048 2079 1099 2146 vir
1124 2080 1294 2146 lohannes
1318 2080 1448 2146 arthuri
1475 2077 1652 2165 burgensis
1678 2081 1759 2148 dicti
1786 2083 1881 2168 bur·
1907 2083 1977 2148 ani·

617 2187 833 2252 madvertens
869 2195 903 2252 et
940 2186 1170 2272 premeditans
1208 2186 1428 2272 exiguitatem
1466 2185 1630 2272 temporis
1666 2185 1834 2273 presentis
1872 2187 1977 2254 seculi

617 2291 978 2376 longanimitatemque
1001 2299 1034 2358 et
1057 2291 1315 2360 diuturnitatem
1339 2291 1442 2360 futuri
1467 2291 1640 2358 letabundi
1665 2291 1800 2376 quidem
1831 2289 1897 2357 hiis
1920 2290 1977 2376 qui

617 2397 706 2464 bona
720 2395 755 2462 in
771 2395 841 2462 vita
856 2417 918 2463 sua
933 2405 1074 2480 egerunt
1090 2405 1124 2463 et
1139 2395 1230 2482 pleni
1248 2396 1419 2464 anxietate
1435 2407 1468 2464 et
1483 2395 1627 2466 tristicia
1642 2407 1761 2466 contra
1775 2395 1978 2468 iacientibus

394 2521 594 2574 Noumemorte
616 2501 858 2588 perpetualiter
879 2501 1032 2569 duraturi
1051 2502 1178 2568 Volens
1201 2501 1303 2587 igitur
1326 2501 1484 2588 quicquid
1507 2501 1585 2590 bonj
1611 2501 1645 2570 in
1670 2501 1722 2570 sui
1744 2501 1815 2573 vita
1837 2503 1880 2570 ad
1903 2524 1977 2588 per·

392 2587 541 2704 {grgremend-
616 2615 754 2692 petuam
781 2605 829 2674 rei
856 2605 1055 2674 memoriam
1079 2615 1113 2674 et
1140 2608 1183 2674 ad
1206 2607 1341 2674 laudem
1368 2615 1401 2674 et
1427 2605 1571 2692 gloriam
1597 2606 1651 2674 dei
1677 2605 1920 2692 omnipotentis
1941 2617 1976 2674 et
2219 2461 2225 2790 4

615 2722 811 2780 sanctorum
835 2711 960 2779 ciuium
982 2710 1093 2778 tocius
1116 2710 1251 2779 celestis
1274 2711 1365 2779 curie
1387 2711 1497 2780 lacere
1515 2722 1549 2780 et
1570 2709 1700 2798 patiare
1723 2733 1782 2778 sex
1803 2711 1976 2780 volumina

615 2816 777 2884 librorum
808 2815 905 2884 Illius
934 2815 1082 2884 doctoris
1111 2815 1223 2902 eximij
1259 2815 1415 2902 Nicholaj
1447 2819 1489 2884 de
1518 2815 1591 2902 lyra
1620 2816 1692 2884 suis
1720 2815 1913 2904 sumptibus
1942 2827 1976 2886 et

615 2921 772 3008 expensis
801 2931 998 3008 comparata
1027 2921 1179 3008 Collegio
1211 2921 1378 2990 dictorum
1412 2923 1673 3010 Capellanorum
1703 2934 1737 2992 et
1768 2923 1975 2992 confratrum

615 3030 711 3114 bur·
736 3027 901 3096 nominati
924 3026 958 3094 in
981 3027 1072 3096 dicta
1097 3027 1240 3096 ecclesia
1263 3027 1488 3098 seruiencium
1512 3039 1545 3096 et
1568 3027 1816 3098 celebrancium
1840 3049 1975 3116 presen-

615 3132 705 3198 cium
724 3141 758 3199 et
775 3131 965 3200 futurorum
986 3153 1047 3218 pro
1067 3132 1227 3218 suffragio
1242 3131 1370 3218 dimidij
1387 3133 1578 3218 trigentalis
1593 3133 1774 3202 missarum
1797 3133 1974 3203 annuatim

614 3257 674 3322 per
689 3235 799 3304 dictos
818 3237 1012 3322 capellanos
1032 3236 1308 3304 celebrandarum
1326 3239 1366 3304 ln
1384 3237 1471 3304 festo
1486 3237 1576 3306 beati
1592 3237 1814 3306 bartholomei
1829 3237 1974 3326 apostoli

614 3363 675 3426 pro
698 3341 749 3428 suj
775 3363 901 3428 sueque
923 3341 1036 3409 anime
1059 3342 1169 3410 salute
1191 3341 1283 3410 dedit
1307 3342 1450 3410 contulit
1471 3351 1505 3408 et
1528 3341 1667 3410 donauit
1690 3363 1751 3428 pro
1770 3342 1917 3438 utilitate
1940 3352 1974 3409 et

614 3450 792 3516 commodo
811 3447 978 3515 dictorum
999 3448 1251 3534 capellanorum
1267 3457 1301 3516 et
1317 3449 1524 3516 confratrum
1543 3447 1578 3514 in
1599 3447 1755 3514 scienciis
1770 3457 1803 3516 et
1824 3457 1974 3517 contem·

614 3553 825 3639 placionibus
840 3553 946 3620 cicius
956 3553 1214 3622 imbuendorum
1231 3555 1277 3621 Et
1290 3556 1333 3622 ad
1349 3553 1430 3621 dicti
1442 3552 1633 3638 trigentalis
1645 3551 1772 3640 dimidij
1791 3551 1972 3620 missarum

613 3658 879 3726 celebracionem
906 3667 1036 3728 statuto
1060 3669 1212 3746 tempore
1238 3681 1298 3745 per
1327 3659 1475 3746 prefatos
1504 3659 1698 3746 capellanos
1723 3657 1772 3724 sic
1795 3657 1972 3727 annuatim

613 3775 647 3832 et
667 3786 728 3852 pro
748 3774 911 3852 perpetuo
926 3765 1113 3834 henderum
1132 3787 1193 3852 pro
1211 3765 1388 3851 prescripti
1408 3763 1572 3834 Iohannis
1589 3761 1720 3832 arthuri
1738 3763 1973 3832 incolumitate

613 3879 646 3938 et
663 3892 723 3938 sue
740 3869 854 3938 anime
872 3871 982 3951 salute
1001 3871 1131 3940 Omnes
1148 3870 1314 3957 capellani
1330 3869 1387 3958 quj
1405 3891 1466 3956 pro
1481 3879 1633 3955 tempore
1651 3867 1837 3937 intererant
1857 3889 1971 3939 assen-

612 3976 744 4044 cierunt
760 3997 800 4044 ac
815 3997 875 4062 pro
891 3998 928 4046 se
942 3987 977 4044 et
992 3977 1063 4044 suis
1081 3977 1333 4046 successoribus
1355 3975 1445 4044 dicte
1467 3973 1608 4044 ecclesie
1628 3972 1815 4060 capellanie
1836 3971 1972 4043 nemine

612 4082 646 4148 in
672 4081 877 4150 contrarium
903 4083 1155 4150 contradicente
1179 4082 1331 4150 hilariter
1354 4090 1546 4150 annuerunt
1572 4081 1613 4148 In
1637 4077 1812 4165 presencia
1834 4099 1972 4148 venera·

612 4188 731 4256 bilium
760 4189 908 4256 virorum
946 4187 1186 4274 magistrorum
1216 4187 1361 4256 Waltcri
1391 4187 1503 4256 sorbes
1539 4183 1693 4254 canonici
1730 4181 1972 4252 dunblanensis

612 4293 759 4362 duncani
784 4295 825 4362 de
851 4315 987 4362 camera
1014 4293 1169 4360 Rectoris
1195 4295 1237 4362 de
1265 4294 1361 4380 furvy
1384 4301 1418 4360 ct
1450 4290 1613 4360 Iohannis
1638 4288 1828 4374 baidenagh
1853 4288 1969 4372 vicarij

612 4399 654 4464 de
676 4419 815 4485 gamery
835 4419 876 4466 ac
898 4397 1020 4484 notarij
1042 4396 1168 4486 publici
1191 4397 1225 4466 in
1248 4407 1355 4466 testes
1373 4406 1571 4467 vocatorum
1594 4405 1627 4464 et
1652 4397 1862 4482 Rogatorum
