4488 5996
460 650 667 743 calmo
688 652 798 724 riou
818 651 935 723 unm
955 651 993 723 a
1015 659 1098 722 una
1118 651 1349 744 caparnaum
1521 629 1587 740 267

224 825 375 896 futurum
398 827 500 898 libere
523 831 635 916 quiete
658 830 808 916 plenarie
829 829 958 916 integre
974 829 1157 896 honorifice
1180 832 1265 896 bene
1287 832 1321 895 et
1343 827 1381 894 in'
1401 833 1486 913 pace
1509 827 1581 894 sine

227 932 469 1019 impedimento
498 937 673 1002 obstaculo
703 947 762 1004 aut
792 937 1006 1004 reuocatione
1041 935 1295 1020 quibuscunque
1325 933 1391 1000 mei
1422 928 1584 998 heredun‘r

227 1057 379 1104 meorum
402 1037 651 1123 assignatorum
680 1059 738 1105 seu
765 1039 908 1106 aliorum
932 1059 1208 1124 quorumcunque
1235 1035 1481 1103 FACIENDO
1505 1029 1582 1100 ind'e

227 1140 403 1206 annuatim
430 1161 588 1225 supremo
614 1141 751 1208 domino
777 1151 894 1207 nostro
920 1140 990 1226 regi
1015 1151 1049 1206 et
1076 1141 1147 1207 suis
1174 1138 1423 1208 successoribus
1449 1135 1585 1222 regibus*

228 1242 333 1308 scotie
360 1243 536 1310 seruitium
565 1243 765 1328 burgagium
791 1244 870 1310 inde
895 1243 1046 1310 debitum
1074 1251 1107 1309 et
1135 1251 1333 1308 consuetum
1361 1241 1457 1308 NEC
1483 1235 1582 1307 NON

227 1347 396 1412 reddendo
412 1345 490 1414 inde
506 1347 682 1414 annuatim
694 1347 807 1412 dictus
818 1348 962 1412 andreas
974 1345 1025 1412 sui
1041 1346 1181 1411 heredes
1196 1354 1229 1411 et
1246 1344 1410 1430 assignati
1425 1343 1585 1429 predictis

228 1449 413 1532 capellanis
428 1448 521 1534 chorj
539 1447 681 1516 ecclesie
701 1448 904 1533 parochialis
922 1447 992 1514 diui
1007 1447 1154 1531 nicholaj
1172 1447 1214 1512 de
1230 1446 1400 1513 abirdeine
1416 1465 1584 1512 summam
1605 1453 1650 1507 m.
1666 1453 1730 1508 107¹

228 1549 330 1616 trium
354 1550 512 1618 librarum
531 1571 589 1616 sex
604 1551 787 1617 solidorum
804 1561 836 1618 et
853 1559 930 1616 octo
949 1549 1161 1616 denariorum
1184 1549 1312 1616 vsualis
1334 1560 1469 1616 monete
1492 1549 1586 1634 regni

230 1651 336 1718 scotie
362 1653 405 1718 ad
431 1655 517 1718 duos
543 1653 623 1720 anni
648 1653 812 1720 terminos
837 1653 972 1720 usuales
998 1652 1204 1736 peuticostes
1230 1651 1385 1718 videlicet
1412 1662 1446 1728 et
1476 1651 1586 1718 sancti

230 1754 366 1820 martini
382 1753 417 1820 in
432 1755 544 1820 hieme
559 1775 618 1840 per
632 1755 770 1839 equales
793 1757 878 1822 duas
901 1755 1030 1820 medias
1049 1753 1220 1839 portiones
1241 1753 1377 1820 nomine
1392 1753 1587 1820 lewdilirme

229 1857 380 1926 Tantum
396 1881 456 1944 pro
472 1860 564 1926 omni
580 1860 647 1926 alio
658 1881 759 1926 onere
771 1860 909 1926 seruitio
920 1859 1063 1926 seculari
1079 1859 1253 1926 exactione
1269 1881 1329 1924 seu
1340 1860 1508 1926 demanda
1524 1860 1589 1943 q'ue

122 2029 124 2034 .
231 1965 272 2030 de
299 1964 449 2049 predicta
472 1975 562 2031 terra
585 1965 752 2032 anteriore
775 1987 853 2032 cum
880 1964 1092 2050 pertinentiis
1114 1964 1307 2049 aliqualiter
1328 1964 1414 2048 exigi
1442 1963 1589 2049 poterint

231 2078 290 2134 aut
313 2069 437 2154 requiri
461 2070 524 2136 ET
549 2072 646 2137 EGO
670 2071 801 2138 VERO
825 2071 974 2154 prelatus
993 2071 1137 2136 Iacobus
1158 2069 1283 2135 huntar
1303 2070 1444 2135 heredes
1467 2067 1533 2135 mei
1556 2077 1590 2134 et

232 2173 396 2258 assignati
419 2183 527 2240 totam
555 2184 589 2240 et
616 2175 783 2259 integram
807 2174 991 2259 predictam
1014 2183 1139 2240 terram
1163 2173 1365 2240 anteriorem
1390 2193 1468 2239 cum
1491 2171 1591 2256 pcrti-

233 2275 358 2340 nentiis
388 2276 517 2358 prelato
550 2277 674 2342 andree
712 2278 837 2344 huntar
867 2275 937 2342 suis
966 2275 1145 2342 heredibus
1174 2285 1208 2341 et
1238 2275 1421 2361 assignatis
1451 2276 1591 2342 liberam

235 2379 426 2444 Immunem
443 2389 476 2444 et
492 2389 709 2446 exoneratam
725 2381 768 2446 ab
783 2379 875 2446 omni
891 2379 1094 2446 alienatione
1110 2379 1322 2446 assedatione
1335 2401 1448 2446 annuo
1459 2378 1591 2444 redditu

233 2481 328 2547 vitali
344 2482 476 2548 redditu
492 2493 525 2548 et
541 2505 641 2550 onere
657 2505 856 2568 quocunque
875 2485 1024 2568 (dempta
1045 2483 1194 2568 predicta
1215 2483 1417 2562 leudilirma)
1436 2483 1469 2548 in
1486 2481 1593 2549 omni·

236 2585 299 2650 bus
311 2595 345 2650 et
361 2607 420 2670 per
430 2585 545 2652 omnia
558 2587 667 2652 forma
682 2587 807 2671 pariter
823 2595 856 2651 et
872 2587 992 2652 ellectu
1004 2595 1040 2650 vt
1057 2585 1257 2670 premissum
1274 2596 1325 2652 est
1342 2595 1460 2652 contra
1475 2605 1594 2651 omnes

236 2687 396 2754 mortales
422 2689 708 2756 varantizabimus
737 2689 1005 2774 acquietabimus
1035 2699 1068 2754 et
1098 2689 1345 2774 imperpetuum
1375 2689 1594 2756 defendemus

236 2793 393 2860 omnibus
408 2795 485 2860 dolo
501 2805 534 2861 et
550 2795 665 2862 fraude
682 2796 823 2863 seclusis
840 2797 889 2862 IN
908 2796 1056 2863 CUIUS
1074 2795 1156 2860 REI
1178 2793 1411 2860 testimonium
1427 2794 1506 2859 huic
1522 2815 1593 2878 pre·

237 2895 325 2961 senti
340 2907 432 2962 carte
452 2919 525 2962 mee
547 2898 792 2982 subscriptione
813 2919 889 2964 mea
910 2897 1061 2963 manuali
1076 2906 1112 2962 vt
1134 2896 1219 2962 infra
1240 2895 1427 2980 subscripte
1445 2895 1593 2980 sigillum

238 3019 351 3064 meum
376 2998 547 3082 proprium
573 3001 736 3066 Necnon
761 3000 909 3084 sigillum
934 2999 1141 3066 honorabilis
1165 2998 1227 3064 viri
1252 2997 1423 3064 alexandri
1446 2999 1596 3064 chalmer

236 3099 335 3166 vnius
358 3100 558 3168 balliuorum
580 3103 661 3168 dicti
683 3103 777 3188 burgi
799 3125 838 3168 ac
859 3102 987 3168 datoris
1006 3101 1199 3168 huiusmodi
1220 3101 1332 3168 sasine
1351 3109 1430 3167 sunt
1446 3121 1596 3186 appensa

239 3205 338 3287 Apud
353 3203 511 3270 abirdene
527 3205 671 3290 septimo
687 3205 740 3270 die
756 3203 884 3272 mensis
901 3204 977 3289 Iulij
996 3225 1086 3270 anno
1101 3203 1227 3270 domini
1245 3202 1424 3270 millesimo
1436 3201 1596 3286 quingen-

239 3305 361 3371 tesimo
377 3307 627 3391 septuagesimo
642 3317 763 3392 quarto
779 3329 891 3374 coram
911 3307 1055 3372 testibus
1072 3307 1196 3372 Iacobo
1212 3306 1298 3372 ewin
1314 3306 1494 3372 alexandro
1511 3305 1597 3371 ewin

241 3409 368 3474 loanne
380 3411 598 3476 robertsoune
613 3409 741 3476 iuniore
753 3411 933 3476 alexandro
945 3410 1143 3494 malysouuc
1155 3409 1376 3492 burgensibus
1388 3411 1429 3476 de
1440 3409 1599 3475 abirdene

241 3511 404 3596 magistro
436 3513 563 3577 Ioanne
592 3511 715 3579 lullurd
747 3513 890 3596 gilberto
924 3513 1036 3578 kintor
1066 3511 1245 3598 sergiando
1280 3512 1451 3596 magistris
1480 3513 1599 3579 thoma

188 3659 200 3696 ,
242 3613 419 3698 malysoun
441 3623 475 3679 et
497 3615 624 3680 Ioanne
640 3615 795 3700 kennedy
815 3614 956 3681 notariis
976 3615 1120 3700 publicis
1140 3637 1218 3682 cum
1237 3614 1380 3682 diuersis
1396 3615 1472 3681 aliis
1488 3617 1534 3682 Et
1550 3615 1599 3682 sic

192 3703 197 3714 ’
219 3700 465 3785 ‘subscribitur'
485 3719 598 3786 Iames
620 3720 746 3786 huntar
769 3719 913 3786 cultuler
934 3729 980 3786 wt
1003 3741 1061 3804 my
1083 3719 1174 3786 hand
1197 3729 1233 3786 at
1254 3741 1296 3804 ye
1318 3741 1383 3804 pen
1406 3719 1472 3786 hed
1495 3722 1536 3787 be
1557 3741 1600 3805 ye

244 3823 353 3888 Notar
374 3825 479 3890 vnder
500 3824 634 3891 wrettin
659 3835 693 3892 at
718 3847 776 3910 my
798 3827 978 3892 command
1003 3827 1057 3892 Ita
1080 3835 1131 3892 est
1155 3823 1317 3909 magister
1338 3825 1475 3892 thomas
1495 3826 1600 3910 maly·

244 3949 349 3995 soune
365 3929 518 3996 notarius
533 3931 688 4016 publicus
703 3933 745 3998 de
760 3931 898 4015 specialj
912 3933 1074 3998 mandato
1086 3931 1167 3997 dicti
1186 3930 1301 3997 Iacobi
1317 3931 1442 3998 huntar
1457 3931 1601 3998 scribere

243 4029 425 4098 nescientis
441 4053 544 4098 manu
559 4034 695 4118 propria
711 4035 1044 4121 QUAMQUIDEM
1067 4043 1196 4100 cartam
1217 4033 1433 4101 alienationis
1448 4055 1507 4100 seu
1522 4053 1601 4100 ven·

244 4132 382 4199 ditionis
409 4134 672 4219 suprainsertam
699 4135 734 4201 in
761 4136 918 4203 omnibus
944 4137 1015 4202 suis
1041 4137 1176 4222 punctis
1202 4147 1236 4204 et
1263 4137 1416 4222 partibus
1440 4137 1603 4204 clausulis

245 4234 494 4302 conditionibus
508 4247 542 4304 et
558 4237 829 4304 circumstanciis
851 4239 1078 4322 approbamus
1100 4237 1311 4306 ratificamus
1325 4248 1359 4304 et
1375 4259 1435 4323 pro
1453 4239 1550 4306 nobis
1568 4248 1602 4305 et

245 4337 496 4404 successoribus
522 4339 647 4406 nostris
670 4361 729 4425 pro
753 4350 914 4426 perpetuo
945 4341 1195 4407 confirmamus
1218 4362 1278 4426 per
1299 4349 1472 4425 presentes
1495 4342 1603 4409 PRO·

250 4441 362 4508 UISO
389 4452 505 4510 tamen
535 4445 624 4528 quod
655 4444 683 4510 si
713 4445 888 4531 contingat
918 4446 1046 4513 dictum
1074 4447 1234 4513 andream
1265 4467 1345 4512 suos
1375 4447 1516 4514 heredes
1545 4457 1604 4514 aut

250 4543 442 4629 assignatos
457 4545 598 4612 deficere
614 4547 649 4612 in
666 4547 836 4613 solucione
852 4547 941 4614 dicte
958 4570 1089 4613 summe
1112 4548 1259 4633 quinque
1282 4569 1470 4615 mercatum
1494 4569 1605 4617 annue
