<?xml version="1.0" encoding="UTF-8"?>
<!DOCTYPE html PUBLIC "-//W3C//DTD XHTML 1.0 Transitional//EN"
    "http://www.w3.org/TR/xhtml1/DTD/xhtml1-transitional.dtd">
<html xmlns="http://www.w3.org/1999/xhtml" xml:lang="en" lang="en">
 <head>
  <title>
</title>
<meta http-equiv="Content-Type" content="text/html;charset=utf-8" />
  <meta name='ocr-system' content='tesseract 3.04.00' />
  <meta name='ocr-capabilities' content='ocr_page ocr_carea ocr_par ocr_line ocrx_word'/>
</head>
<body>
  <div class='ocr_page' id='page_1' title='image "./cartulariumeccl00logagoog_0105.png"; bbox 0 0 4490 5990; ppageno 0'>
   <div class='ocr_carea' id='block_1_1' title="bbox 524 705 1639 794">
    <p class='ocr_par' dir='ltr' id='par_1_1' title="bbox 524 705 1639 794">
     <span class='ocr_line' id='line_1_1' title="bbox 524 705 1639 794; baseline 0.004 -21"><span class='ocrx_word' id='word_1_1' title='bbox 524 706 620 774; x_wconf 79' lang='lat' dir='ltr'><strong>Caata</strong></span> <span class='ocrx_word' id='word_1_2' title='bbox 642 705 807 774; x_wconf 72' lang='lat' dir='ltr'><strong><em>alexandri</em></strong></span> <span class='ocrx_word' id='word_1_3' title='bbox 827 727 945 774; x_wconf 78' lang='lat' dir='ltr'><strong>maaser</strong></span> <span class='ocrx_word' id='word_1_4' title='bbox 967 707 1004 772; x_wconf 83' lang='lat' dir='ltr'><strong>da</strong></span> <span class='ocrx_word' id='word_1_5' title='bbox 1019 705 1210 793; x_wconf 79' lang='lat' dir='ltr'><strong>faadaaiaau</strong></span> <span class='ocrx_word' id='word_1_6' title='bbox 1232 705 1386 794; x_wconf 76' lang='lat' dir='ltr'><strong>lampadis</strong></span> <span class='ocrx_word' id='word_1_7' title='bbox 1596 723 1639 792; x_wconf 86' lang='lat'><strong>77</strong></span> 
     </span>
    </p>
   </div>
   <div class='ocr_carea' id='block_1_2' title="bbox 280 879 1763 4431">
    <p class='ocr_par' dir='ltr' id='par_1_2' title="bbox 280 879 1763 4431">
     <span class='ocr_line' id='line_1_2' title="bbox 280 879 1640 968; baseline -0.001 -19"><span class='ocrx_word' id='word_1_8' title='bbox 280 883 316 950; x_wconf 89' lang='lat' dir='ltr'><strong>oi</strong></span> <span class='ocrx_word' id='word_1_9' title='bbox 334 881 404 949; x_wconf 86' lang='lat' dir='ltr'>thir</span> <span class='ocrx_word' id='word_1_10' title='bbox 418 891 553 968; x_wconf 87' lang='lat' dir='ltr'><strong>present</strong></span> <span class='ocrx_word' id='word_1_11' title='bbox 569 879 678 948; x_wconf 88' lang='lat' dir='ltr'><strong>lettris</strong></span> <span class='ocrx_word' id='word_1_12' title='bbox 693 880 865 948; x_wconf 90' lang='lat' dir='ltr'><strong>consentis</strong></span> <span class='ocrx_word' id='word_1_13' title='bbox 881 883 948 948; x_wconf 87' lang='lat' dir='ltr'><strong>and</strong></span> <span class='ocrx_word' id='word_1_14' title='bbox 964 879 1110 948; x_wconf 85' lang='lat' dir='ltr'><strong>assentis</strong></span> <span class='ocrx_word' id='word_1_15' title='bbox 1131 881 1329 966; x_wconf 85' lang='lat' dir='ltr'><strong>perpetualy</strong></span> <span class='ocrx_word' id='word_1_16' title='bbox 1342 881 1395 948; x_wconf 90' lang='lat' dir='ltr'><strong>ior</strong></span> <span class='ocrx_word' id='word_1_17' title='bbox 1408 903 1458 948; x_wconf 83' lang='lat' dir='ltr'><strong>we</strong></span> <span class='ocrx_word' id='word_1_18' title='bbox 1474 901 1536 949; x_wconf 90' lang='lat' dir='ltr'><strong>our</strong></span> <span class='ocrx_word' id='word_1_19' title='bbox 1550 881 1640 968; x_wconf 85' lang='lat' dir='ltr'><strong>syris</strong></span> 
     </span>
     <span class='ocr_line' id='line_1_3' title="bbox 280 985 1639 1074; baseline -0.002 -19"><span class='ocrx_word' id='word_1_20' title='bbox 280 991 367 1056; x_wconf 87' lang='lat' dir='ltr'><strong>ande</strong></span> <span class='ocrx_word' id='word_1_21' title='bbox 390 985 557 1074; x_wconf 87' lang='lat' dir='ltr'><strong>assignais</strong></span> <span class='ocrx_word' id='word_1_22' title='bbox 579 985 654 1054; x_wconf 88' lang='lat' dir='ltr'><strong>that</strong></span> <span class='ocrx_word' id='word_1_23' title='bbox 678 987 739 1053; x_wconf 89' lang='lat' dir='ltr'><strong>our</strong></span> <span class='ocrx_word' id='word_1_24' title='bbox 762 985 902 1070; x_wconf 89' lang='lat' dir='ltr'><strong>cousing</strong></span> <span class='ocrx_word' id='word_1_25' title='bbox 924 985 1115 1052; x_wconf 82' lang='lat' dir='ltr'><strong>Alexander</strong></span> <span class='ocrx_word' id='word_1_26' title='bbox 1137 985 1286 1052; x_wconf 86' lang='lat' dir='ltr'><strong>menaies</strong></span> <span class='ocrx_word' id='word_1_27' title='bbox 1306 986 1429 1070; x_wconf 86' lang='lat' dir='ltr'><strong>burges</strong></span> <span class='ocrx_word' id='word_1_28' title='bbox 1444 986 1481 1052; x_wconf 88' lang='lat' dir='ltr'><strong>oi</strong></span> <span class='ocrx_word' id='word_1_29' title='bbox 1493 985 1639 1052; x_wconf 85' lang='lat' dir='ltr'><strong>Abirden</strong></span> 
     </span>
     <span class='ocr_line' id='line_1_4' title="bbox 280 1089 1640 1180; baseline -0.001 -21"><span class='ocrx_word' id='word_1_30' title='bbox 280 1093 339 1178; x_wconf 87' lang='lat' dir='ltr'><strong>gyi</strong></span> <span class='ocrx_word' id='word_1_31' title='bbox 362 1093 448 1160; x_wconf 89' lang='lat' dir='ltr'><strong>ande</strong></span> <span class='ocrx_word' id='word_1_32' title='bbox 470 1101 569 1180; x_wconf 83' lang='lat' dir='ltr'><strong>grant</strong></span> <span class='ocrx_word' id='word_1_33' title='bbox 593 1091 627 1157; x_wconf 91' lang='lat' dir='ltr'><strong>in</strong></span> <span class='ocrx_word' id='word_1_34' title='bbox 650 1089 837 1178; x_wconf 88' lang='lat' dir='ltr'><strong>perpetuall</strong></span> <span class='ocrx_word' id='word_1_35' title='bbox 861 1091 988 1158; x_wconf 84' lang='lat' dir='ltr'><strong>almoss</strong></span> <span class='ocrx_word' id='word_1_36' title='bbox 1011 1111 1074 1156; x_wconf 89' lang='lat' dir='ltr'><strong>ane</strong></span> <span class='ocrx_word' id='word_1_37' title='bbox 1098 1091 1236 1156; x_wconf 87' lang='lat' dir='ltr'><strong>annuali</strong></span> <span class='ocrx_word' id='word_1_38' title='bbox 1260 1099 1334 1156; x_wconf 87' lang='lat' dir='ltr'><strong>rent</strong></span> <span class='ocrx_word' id='word_1_39' title='bbox 1360 1091 1397 1156; x_wconf 89' lang='lat' dir='ltr'><strong>oi</strong></span> <span class='ocrx_word' id='word_1_40' title='bbox 1419 1092 1495 1158; x_wconf 86' lang='lat' dir='ltr'><strong>thre</strong></span> <span class='ocrx_word' id='word_1_41' title='bbox 1518 1091 1640 1177; x_wconf 90' lang='lat' dir='ltr'><strong>pundis</strong></span> 
     </span>
     <span class='ocr_line' id='line_1_5' title="bbox 280 1195 1640 1286; baseline -0.001 -22"><span class='ocrx_word' id='word_1_42' title='bbox 280 1199 457 1283; x_wconf 87' lang='lat' dir='ltr'><strong>gangandc</strong></span> <span class='ocrx_word' id='word_1_43' title='bbox 472 1197 564 1264; x_wconf 81' lang='lat' dir='ltr'><strong>furth</strong></span> <span class='ocrx_word' id='word_1_44' title='bbox 580 1195 695 1282; x_wconf 89' lang='lat' dir='ltr'><strong>aherly</strong></span> <span class='ocrx_word' id='word_1_45' title='bbox 711 1195 747 1262; x_wconf 87' lang='lat' dir='ltr'><strong>oi</strong></span> <span class='ocrx_word' id='word_1_46' title='bbox 765 1217 806 1282; x_wconf 90' lang='lat' dir='ltr'><strong>ye</strong></span> <span class='ocrx_word' id='word_1_47' title='bbox 822 1195 933 1286; x_wconf 86' lang='lat' dir='ltr'><strong>landis</strong></span> <span class='ocrx_word' id='word_1_48' title='bbox 949 1197 985 1261; x_wconf 89' lang='lat' dir='ltr'><strong>oi</strong></span> <span class='ocrx_word' id='word_1_49' title='bbox 1004 1195 1163 1282; x_wconf 88' lang='lat' dir='ltr'><strong>balmady</strong></span> <span class='ocrx_word' id='word_1_50' title='bbox 1178 1196 1280 1280; x_wconf 90' lang='lat' dir='ltr'><strong>lyand</strong></span> <span class='ocrx_word' id='word_1_51' title='bbox 1296 1196 1331 1261; x_wconf 91' lang='lat' dir='ltr'><strong>in</strong></span> <span class='ocrx_word' id='word_1_52' title='bbox 1347 1217 1409 1262; x_wconf 88' lang='lat' dir='ltr'><strong>our</strong></span> <span class='ocrx_word' id='word_1_53' title='bbox 1424 1197 1497 1262; x_wconf 88' lang='lat' dir='ltr'><strong>said</strong></span> <span class='ocrx_word' id='word_1_54' title='bbox 1513 1199 1640 1282; x_wconf 87' lang='lat' dir='ltr'><strong>barony</strong></span> 
     </span>
     <span class='ocr_line' id='line_1_6' title="bbox 280 1301 1640 1390; baseline 0 -20"><span class='ocrx_word' id='word_1_55' title='bbox 280 1303 408 1390; x_wconf 80' lang='lat' dir='ltr'><strong>wythin</strong></span> <span class='ocrx_word' id='word_1_56' title='bbox 430 1325 472 1390; x_wconf 89' lang='lat' dir='ltr'><strong>ye</strong></span> <span class='ocrx_word' id='word_1_57' title='bbox 495 1303 696 1370; x_wconf 87' lang='lat' dir='ltr'><strong>serreidome</strong></span> <span class='ocrx_word' id='word_1_58' title='bbox 717 1303 753 1368; x_wconf 87' lang='lat' dir='ltr'><strong>oi</strong></span> <span class='ocrx_word' id='word_1_59' title='bbox 772 1301 909 1370; x_wconf 89' lang='lat' dir='ltr'><strong>abirden</strong></span> <span class='ocrx_word' id='word_1_60' title='bbox 932 1301 1007 1370; x_wconf 83' lang='lat' dir='ltr'><strong>The</strong></span> <span class='ocrx_word' id='word_1_61' title='bbox 1034 1301 1146 1388; x_wconf 89' lang='lat' dir='ltr'><strong>quilke</strong></span> <span class='ocrx_word' id='word_1_62' title='bbox 1170 1301 1308 1370; x_wconf 86' lang='lat' dir='ltr'><strong>annuall</strong></span> <span class='ocrx_word' id='word_1_63' title='bbox 1331 1311 1406 1369; x_wconf 91' lang='lat' dir='ltr'><strong>rent</strong></span> <span class='ocrx_word' id='word_1_64' title='bbox 1429 1303 1579 1389; x_wconf 87' lang='lat' dir='ltr'><strong>pertains</strong></span> <span class='ocrx_word' id='word_1_65' title='bbox 1606 1303 1640 1370; x_wconf 94' lang='lat' dir='ltr'><strong>in</strong></span> 
     </span>
     <span class='ocr_line' id='line_1_7' title="bbox 281 1405 1640 1494; baseline 0.001 -20"><span class='ocrx_word' id='word_1_66' title='bbox 281 1410 439 1493; x_wconf 88' lang='lat' dir='ltr'><strong>heretage</strong></span> <span class='ocrx_word' id='word_1_67' title='bbox 454 1417 490 1474; x_wconf 93' lang='lat' dir='ltr'><strong>to</strong></span> <span class='ocrx_word' id='word_1_68' title='bbox 504 1427 546 1494; x_wconf 88' lang='lat' dir='ltr'><strong>ye</strong></span> <span class='ocrx_word' id='word_1_69' title='bbox 562 1407 655 1474; x_wconf 78' lang='lat' dir='ltr'><strong>saida</strong></span> <span class='ocrx_word' id='word_1_70' title='bbox 666 1405 856 1474; x_wconf 85' lang='lat' dir='ltr'>Alexander</span> <span class='ocrx_word' id='word_1_71' title='bbox 867 1407 964 1473; x_wconf 85' lang='lat' dir='ltr'>Ande</span> <span class='ocrx_word' id='word_1_72' title='bbox 979 1405 1051 1472; x_wconf 88' lang='lat' dir='ltr'><strong>also</strong></span> <span class='ocrx_word' id='word_1_73' title='bbox 1063 1427 1113 1472; x_wconf 88' lang='lat' dir='ltr'><strong>we</strong></span> <span class='ocrx_word' id='word_1_74' title='bbox 1129 1415 1270 1473; x_wconf 86' lang='lat' dir='ltr'><strong>consent</strong></span> <span class='ocrx_word' id='word_1_75' title='bbox 1286 1409 1352 1474; x_wconf 91' lang='lat' dir='ltr'><strong>and</strong></span> <span class='ocrx_word' id='word_1_76' title='bbox 1368 1407 1514 1474; x_wconf 88' lang='lat' dir='ltr'><strong>assentis</strong></span> <span class='ocrx_word' id='word_1_77' title='bbox 1530 1408 1581 1474; x_wconf 88' lang='lat' dir='ltr'><strong>ior</strong></span> <span class='ocrx_word' id='word_1_78' title='bbox 1591 1431 1640 1476; x_wconf 89' lang='lat' dir='ltr'><strong>ws</strong></span> 
     </span>
     <span class='ocr_line' id='line_1_8' title="bbox 281 1509 1640 1598; baseline 0.001 -19"><span class='ocrx_word' id='word_1_79' title='bbox 281 1535 343 1580; x_wconf 93' lang='lat' dir='ltr'><strong>our</strong></span> <span class='ocrx_word' id='word_1_80' title='bbox 358 1511 437 1580; x_wconf 88' lang='lat' dir='ltr'><strong>airis</strong></span> <span class='ocrx_word' id='word_1_81' title='bbox 453 1513 539 1579; x_wconf 89' lang='lat' dir='ltr'><strong>ande</strong></span> <span class='ocrx_word' id='word_1_82' title='bbox 556 1510 709 1596; x_wconf 81' lang='lat' dir='ltr'><strong>assignes</strong></span> <span class='ocrx_word' id='word_1_83' title='bbox 724 1511 799 1578; x_wconf 86' lang='lat' dir='ltr'><strong>that</strong></span> <span class='ocrx_word' id='word_1_84' title='bbox 814 1532 856 1597; x_wconf 83' lang='lat' dir='ltr'><strong>ya</strong></span> <span class='ocrx_word' id='word_1_85' title='bbox 872 1511 964 1578; x_wconf 90' lang='lat' dir='ltr'><strong>saide</strong></span> <span class='ocrx_word' id='word_1_86' title='bbox 981 1511 1118 1577; x_wconf 85' lang='lat' dir='ltr'><strong>annuali</strong></span> <span class='ocrx_word' id='word_1_87' title='bbox 1135 1511 1176 1577; x_wconf 92' lang='lat' dir='ltr'><strong>be</strong></span> <span class='ocrx_word' id='word_1_88' title='bbox 1191 1509 1289 1596; x_wconf 87' lang='lat' dir='ltr'><strong>gevin</strong></span> <span class='ocrx_word' id='word_1_89' title='bbox 1313 1512 1353 1579; x_wconf 89' lang='lat' dir='ltr'><strong>be</strong></span> <span class='ocrx_word' id='word_1_90' title='bbox 1375 1533 1416 1598; x_wconf 91' lang='lat' dir='ltr'><strong>ye</strong></span> <span class='ocrx_word' id='word_1_91' title='bbox 1433 1511 1526 1579; x_wconf 90' lang='lat' dir='ltr'><strong>saide</strong></span> <span class='ocrx_word' id='word_1_92' title='bbox 1541 1513 1640 1580; x_wconf 82' lang='lat' dir='ltr'><strong>Alex-</strong></span> 
     </span>
     <span class='ocr_line' id='line_1_9' title="bbox 282 1613 1640 1703; baseline -0.001 -17"><span class='ocrx_word' id='word_1_93' title='bbox 282 1619 386 1686; x_wconf 85' lang='lat' dir='ltr'>ander</span> <span class='ocrx_word' id='word_1_94' title='bbox 399 1627 436 1684; x_wconf 91' lang='lat' dir='ltr'><strong>to</strong></span> <span class='ocrx_word' id='word_1_95' title='bbox 451 1639 492 1703; x_wconf 90' lang='lat' dir='ltr'><strong>ye</strong></span> <span class='ocrx_word' id='word_1_96' title='bbox 508 1616 600 1684; x_wconf 88' lang='lat' dir='ltr'><strong>saide</strong></span> <span class='ocrx_word' id='word_1_97' title='bbox 616 1615 719 1702; x_wconf 61' lang='lat' dir='ltr'><strong>kyrke</strong></span> <span class='ocrx_word' id='word_1_98' title='bbox 735 1617 821 1683; x_wconf 91' lang='lat' dir='ltr'><strong>ande</strong></span> <span class='ocrx_word' id='word_1_99' title='bbox 838 1613 1015 1701; x_wconf 87' lang='lat' dir='ltr'><strong>chapelain</strong></span> <span class='ocrx_word' id='word_1_100' title='bbox 1031 1615 1067 1681; x_wconf 89' lang='lat' dir='ltr'><strong>oi</strong></span> <span class='ocrx_word' id='word_1_101' title='bbox 1086 1615 1145 1682; x_wconf 85' lang='lat' dir='ltr'><strong>the</strong></span> <span class='ocrx_word' id='word_1_102' title='bbox 1161 1617 1263 1702; x_wconf 85' lang='lat' dir='ltr'><strong>sayde</strong></span> <span class='ocrx_word' id='word_1_103' title='bbox 1279 1615 1365 1682; x_wconf 89' lang='lat' dir='ltr'><strong>alter</strong></span> <span class='ocrx_word' id='word_1_104' title='bbox 1384 1615 1640 1701; x_wconf 88' lang='lat' dir='ltr'><strong>quhatsumeuir</strong></span> 
     </span>
     <span class='ocr_line' id='line_1_10' title="bbox 281 1719 1763 1814; baseline 0.001 -27"><span class='ocrx_word' id='word_1_105' title='bbox 281 1722 315 1788; x_wconf 92' lang='lat' dir='ltr'><strong>in</strong></span> <span class='ocrx_word' id='word_1_106' title='bbox 331 1721 517 1808; x_wconf 85' lang='lat' dir='ltr'><strong>perpetuali</strong></span> <span class='ocrx_word' id='word_1_107' title='bbox 534 1721 661 1788; x_wconf 87' lang='lat' dir='ltr'><strong>almoss</strong></span> <span class='ocrx_word' id='word_1_108' title='bbox 675 1719 726 1789; x_wconf 87' lang='lat' dir='ltr'><strong>ior</strong></span> <span class='ocrx_word' id='word_1_109' title='bbox 747 1743 789 1806; x_wconf 85' lang='lat' dir='ltr'><strong>ye</strong></span> <span class='ocrx_word' id='word_1_110' title='bbox 811 1719 1015 1814; x_wconf 86' lang='lat' dir='ltr'><strong>vphaldinge</strong></span> <span class='ocrx_word' id='word_1_111' title='bbox 1038 1719 1074 1786; x_wconf 89' lang='lat' dir='ltr'><strong>oi</strong></span> <span class='ocrx_word' id='word_1_112' title='bbox 1093 1719 1152 1786; x_wconf 87' lang='lat' dir='ltr'><strong>the</strong></span> <span class='ocrx_word' id='word_1_113' title='bbox 1176 1719 1268 1787; x_wconf 90' lang='lat' dir='ltr'><strong>saide</strong></span> <span class='ocrx_word' id='word_1_114' title='bbox 1284 1720 1375 1807; x_wconf 84' lang='lat' dir='ltr'><strong>lamp</strong></span> <span class='ocrx_word' id='word_1_115' title='bbox 1392 1722 1536 1808; x_wconf 87' lang='lat' dir='ltr'><strong>suffrage</strong></span> <span class='ocrx_word' id='word_1_116' title='bbox 1552 1725 1638 1790; x_wconf 88' lang='lat' dir='ltr'><strong>ande</strong></span> <span class='ocrx_word' id='word_1_117' title='bbox 1661 1737 1706 1788; x_wconf 80' lang='lat' dir='ltr'><strong>tol.</strong></span> <span class='ocrx_word' id='word_1_118' title='bbox 1716 1736 1763 1789; x_wconf 87' lang='lat' dir='ltr'><strong>s1¹</strong></span> 
     </span>
     <span class='ocr_line' id='line_1_11' title="bbox 281 1825 1638 1914; baseline 0.004 -23"><span class='ocrx_word' id='word_1_119' title='bbox 281 1826 429 1914; x_wconf 86' lang='lat' dir='ltr'><strong>prayeris</strong></span> <span class='ocrx_word' id='word_1_120' title='bbox 445 1827 540 1893; x_wconf 83' lang='lat' dir='ltr'><strong>Ande</strong></span> <span class='ocrx_word' id='word_1_121' title='bbox 555 1825 615 1912; x_wconf 88' lang='lat' dir='ltr'><strong>gyi</strong></span> <span class='ocrx_word' id='word_1_122' title='bbox 626 1825 684 1892; x_wconf 91' lang='lat' dir='ltr'><strong>the</strong></span> <span class='ocrx_word' id='word_1_123' title='bbox 700 1825 793 1894; x_wconf 91' lang='lat' dir='ltr'><strong>saide</strong></span> <span class='ocrx_word' id='word_1_124' title='bbox 809 1825 999 1892; x_wconf 88' lang='lat' dir='ltr'><strong>Alexander</strong></span> <span class='ocrx_word' id='word_1_125' title='bbox 1016 1846 1079 1892; x_wconf 91' lang='lat' dir='ltr'><strong>can</strong></span> <span class='ocrx_word' id='word_1_126' title='bbox 1098 1835 1154 1910; x_wconf 86' lang='lat' dir='ltr'><strong>get</strong></span> <span class='ocrx_word' id='word_1_127' title='bbox 1170 1847 1232 1892; x_wconf 92' lang='lat' dir='ltr'><strong>our</strong></span> <span class='ocrx_word' id='word_1_128' title='bbox 1247 1825 1418 1902; x_wconf 61' lang='lat' dir='ltr'><strong>&amp;ouerane</strong></span> <span class='ocrx_word' id='word_1_129' title='bbox 1434 1828 1537 1894; x_wconf 90' lang='lat' dir='ltr'><strong>lordis</strong></span> <span class='ocrx_word' id='word_1_130' title='bbox 1552 1851 1638 1896; x_wconf 91' lang='lat' dir='ltr'><strong>mor·</strong></span> 
     </span>
     <span class='ocr_line' id='line_1_12' title="bbox 281 1929 1638 2016; baseline 0.004 -20"><span class='ocrx_word' id='word_1_131' title='bbox 281 1929 469 1998; x_wconf 87' lang='lat' dir='ltr'><strong>tificatioun</strong></span> <span class='ocrx_word' id='word_1_132' title='bbox 496 1929 683 2016; x_wconf 88' lang='lat' dir='ltr'><strong>tharaponc</strong></span> <span class='ocrx_word' id='word_1_133' title='bbox 706 1931 772 1998; x_wconf 88' lang='lat' dir='ltr'><strong>We</strong></span> <span class='ocrx_word' id='word_1_134' title='bbox 797 1952 858 1996; x_wconf 90' lang='lat' dir='ltr'><strong>our</strong></span> <span class='ocrx_word' id='word_1_135' title='bbox 880 1929 960 1998; x_wconf 88' lang='lat' dir='ltr'><strong>airis</strong></span> <span class='ocrx_word' id='word_1_136' title='bbox 983 1932 1069 1998; x_wconf 90' lang='lat' dir='ltr'><strong>ande</strong></span> <span class='ocrx_word' id='word_1_137' title='bbox 1093 1929 1260 2016; x_wconf 87' lang='lat' dir='ltr'><strong>assignais</strong></span> <span class='ocrx_word' id='word_1_138' title='bbox 1283 1931 1455 1998; x_wconf 87' lang='lat' dir='ltr'><strong>consentis</strong></span> <span class='ocrx_word' id='word_1_139' title='bbox 1477 1935 1564 2000; x_wconf 83' lang='lat' dir='ltr'><strong>ande</strong></span> <span class='ocrx_word' id='word_1_140' title='bbox 1587 1957 1638 2001; x_wconf 91' lang='lat' dir='ltr'><strong>as·</strong></span> 
     </span>
     <span class='ocr_line' id='line_1_13' title="bbox 282 2033 1638 2122; baseline 0.001 -20"><span class='ocrx_word' id='word_1_141' title='bbox 282 2035 388 2102; x_wconf 88' lang='lat' dir='ltr'><strong>sentis</strong></span> <span class='ocrx_word' id='word_1_142' title='bbox 403 2045 438 2100; x_wconf 91' lang='lat' dir='ltr'><strong>to</strong></span> <span class='ocrx_word' id='word_1_143' title='bbox 453 2057 495 2120; x_wconf 89' lang='lat' dir='ltr'><strong>ye</strong></span> <span class='ocrx_word' id='word_1_144' title='bbox 514 2055 634 2120; x_wconf 88' lang='lat' dir='ltr'><strong>samyn</strong></span> <span class='ocrx_word' id='word_1_145' title='bbox 657 2037 697 2102; x_wconf 90' lang='lat' dir='ltr'><strong>be</strong></span> <span class='ocrx_word' id='word_1_146' title='bbox 720 2035 779 2102; x_wconf 92' lang='lat' dir='ltr'><strong>the</strong></span> <span class='ocrx_word' id='word_1_147' title='bbox 802 2035 977 2102; x_wconf 86' lang='lat' dir='ltr'><strong>tenouroi</strong></span> <span class='ocrx_word' id='word_1_148' title='bbox 994 2035 1047 2121; x_wconf 91' lang='lat' dir='ltr'><strong>yis</strong></span> <span class='ocrx_word' id='word_1_149' title='bbox 1068 2033 1143 2101; x_wconf 84' lang='lat' dir='ltr'><strong>writ</strong></span> <span class='ocrx_word' id='word_1_150' title='bbox 1159 2035 1312 2121; x_wconf 79' lang='lat' dir='ltr'><strong>wythout</strong></span> <span class='ocrx_word' id='word_1_151' title='bbox 1335 2059 1402 2122; x_wconf 89' lang='lat' dir='ltr'><strong>ony</strong></span> <span class='ocrx_word' id='word_1_152' title='bbox 1416 2039 1638 2106; x_wconf 90' lang='lat' dir='ltr'><strong>reuocacioun</strong></span> 
     </span>
     <span class='ocr_line' id='line_1_14' title="bbox 282 2141 1641 2211; baseline -0.001 0"><span class='ocrx_word' id='word_1_153' title='bbox 282 2141 554 2211; x_wconf 90' lang='lat' dir='ltr'><strong>contradiccioun</strong></span> <span class='ocrx_word' id='word_1_154' title='bbox 585 2141 741 2208; x_wconf 88' lang='lat' dir='ltr'><strong>obstakill</strong></span> <span class='ocrx_word' id='word_1_155' title='bbox 769 2163 806 2208; x_wconf 92' lang='lat' dir='ltr'><strong>or</strong></span> <span class='ocrx_word' id='word_1_156' title='bbox 832 2143 976 2208; x_wconf 89' lang='lat' dir='ltr'><strong>demand</strong></span> <span class='ocrx_word' id='word_1_157' title='bbox 1004 2149 1039 2206; x_wconf 94' lang='lat' dir='ltr'><strong>to</strong></span> <span class='ocrx_word' id='word_1_158' title='bbox 1066 2143 1107 2208; x_wconf 90' lang='lat' dir='ltr'><strong>be</strong></span> <span class='ocrx_word' id='word_1_159' title='bbox 1134 2141 1244 2210; x_wconf 90' lang='lat' dir='ltr'><strong>maide</strong></span> <span class='ocrx_word' id='word_1_160' title='bbox 1271 2143 1311 2208; x_wconf 90' lang='lat' dir='ltr'><strong>be</strong></span> <span class='ocrx_word' id='word_1_161' title='bbox 1337 2163 1386 2208; x_wconf 88' lang='lat' dir='ltr'><strong>ws</strong></span> <span class='ocrx_word' id='word_1_162' title='bbox 1412 2162 1474 2209; x_wconf 94' lang='lat' dir='ltr'><strong>our</strong></span> <span class='ocrx_word' id='word_1_163' title='bbox 1499 2143 1579 2210; x_wconf 89' lang='lat' dir='ltr'><strong>airis</strong></span> <span class='ocrx_word' id='word_1_164' title='bbox 1603 2165 1641 2210; x_wconf 91' lang='lat' dir='ltr'><strong>or</strong></span> 
     </span>
     <span class='ocr_line' id='line_1_15' title="bbox 282 2243 1640 2332; baseline 0.002 -19"><span class='ocrx_word' id='word_1_165' title='bbox 282 2243 448 2332; x_wconf 86' lang='lat' dir='ltr'><strong>assignais</strong></span> <span class='ocrx_word' id='word_1_166' title='bbox 465 2245 721 2332; x_wconf 88' lang='lat' dir='ltr'><strong>quhatsumeuir</strong></span> <span class='ocrx_word' id='word_1_167' title='bbox 736 2245 769 2312; x_wconf 93' lang='lat' dir='ltr'><strong>in</strong></span> <span class='ocrx_word' id='word_1_168' title='bbox 786 2255 879 2332; x_wconf 85' lang='lat' dir='ltr'><strong>tyme</strong></span> <span class='ocrx_word' id='word_1_169' title='bbox 893 2257 930 2313; x_wconf 94' lang='lat' dir='ltr'><strong>to</strong></span> <span class='ocrx_word' id='word_1_170' title='bbox 945 2267 1023 2312; x_wconf 91' lang='lat' dir='ltr'><strong>cum</strong></span> <span class='ocrx_word' id='word_1_171' title='bbox 1048 2247 1097 2313; x_wconf 91' lang='lat' dir='ltr'><strong>IN</strong></span> <span class='ocrx_word' id='word_1_172' title='bbox 1123 2245 1260 2314; x_wconf 87' lang='lat' dir='ltr'><strong>Witnes</strong></span> <span class='ocrx_word' id='word_1_173' title='bbox 1282 2245 1391 2313; x_wconf 90' lang='lat' dir='ltr'><strong>heiroi</strong></span> <span class='ocrx_word' id='word_1_174' title='bbox 1411 2269 1460 2314; x_wconf 90' lang='lat' dir='ltr'><strong>we</strong></span> <span class='ocrx_word' id='word_1_175' title='bbox 1484 2247 1545 2315; x_wconf 90' lang='lat' dir='ltr'><strong>hai</strong></span> <span class='ocrx_word' id='word_1_176' title='bbox 1564 2250 1640 2316; x_wconf 91' lang='lat' dir='ltr'><strong>sub·</strong></span> 
     </span>
     <span class='ocr_line' id='line_1_16' title="bbox 283 2349 1639 2440; baseline 0.003 -24"><span class='ocrx_word' id='word_1_177' title='bbox 283 2351 398 2417; x_wconf 88' lang='lat' dir='ltr'><strong>scriuit</strong></span> <span class='ocrx_word' id='word_1_178' title='bbox 414 2350 483 2416; x_wconf 91' lang='lat' dir='ltr'><strong>this</strong></span> <span class='ocrx_word' id='word_1_179' title='bbox 498 2351 572 2416; x_wconf 87' lang='lat' dir='ltr'><strong>writ</strong></span> <span class='ocrx_word' id='word_1_180' title='bbox 587 2349 670 2417; x_wconf 82' lang='lat' dir='ltr'><strong>with</strong></span> <span class='ocrx_word' id='word_1_181' title='bbox 694 2373 755 2418; x_wconf 92' lang='lat' dir='ltr'><strong>our</strong></span> <span class='ocrx_word' id='word_1_182' title='bbox 777 2351 868 2418; x_wconf 91' lang='lat' dir='ltr'><strong>hand</strong></span> <span class='ocrx_word' id='word_1_183' title='bbox 892 2353 979 2418; x_wconf 88' lang='lat' dir='ltr'><strong>ande</strong></span> <span class='ocrx_word' id='word_1_184' title='bbox 1003 2351 1162 2436; x_wconf 87' lang='lat' dir='ltr'><strong>appendit</strong></span> <span class='ocrx_word' id='word_1_185' title='bbox 1186 2373 1248 2418; x_wconf 90' lang='lat' dir='ltr'><strong>our</strong></span> <span class='ocrx_word' id='word_1_186' title='bbox 1263 2351 1336 2418; x_wconf 91' lang='lat' dir='ltr'><strong>seill</strong></span> <span class='ocrx_word' id='word_1_187' title='bbox 1352 2361 1388 2419; x_wconf 93' lang='lat' dir='ltr'><strong>to</strong></span> <span class='ocrx_word' id='word_1_188' title='bbox 1403 2374 1444 2438; x_wconf 90' lang='lat' dir='ltr'><strong>ye</strong></span> <span class='ocrx_word' id='word_1_189' title='bbox 1461 2375 1580 2440; x_wconf 88' lang='lat' dir='ltr'><strong>samyn</strong></span> <span class='ocrx_word' id='word_1_190' title='bbox 1596 2355 1639 2420; x_wconf 89' lang='lat' dir='ltr'><strong>At</strong></span> 
     </span>
     <span class='ocr_line' id='line_1_17' title="bbox 282 2453 1686 2544; baseline 0.004 -24"><span class='ocrx_word' id='word_1_191' title='bbox 282 2454 419 2521; x_wconf 87' lang='lat' dir='ltr'><strong>abirden</strong></span> <span class='ocrx_word' id='word_1_192' title='bbox 434 2455 493 2522; x_wconf 90' lang='lat' dir='ltr'><strong>the</strong></span> <span class='ocrx_word' id='word_1_193' title='bbox 507 2457 635 2524; x_wconf 84' lang='lat' dir='ltr'><strong>secund</strong></span> <span class='ocrx_word' id='word_1_194' title='bbox 651 2457 716 2542; x_wconf 90' lang='lat' dir='ltr'><strong>day</strong></span> <span class='ocrx_word' id='word_1_195' title='bbox 728 2455 764 2522; x_wconf 88' lang='lat' dir='ltr'><strong>oi</strong></span> <span class='ocrx_word' id='word_1_196' title='bbox 774 2455 855 2544; x_wconf 86' lang='lat' dir='ltr'><strong>Julij</strong></span> <span class='ocrx_word' id='word_1_197' title='bbox 872 2453 947 2522; x_wconf 82' lang='lat' dir='ltr'><strong>The</strong></span> <span class='ocrx_word' id='word_1_198' title='bbox 963 2455 1032 2522; x_wconf 88' lang='lat' dir='ltr'><strong>aeir</strong></span> <span class='ocrx_word' id='word_1_199' title='bbox 1046 2455 1082 2521; x_wconf 87' lang='lat' dir='ltr'><strong>of</strong></span> <span class='ocrx_word' id='word_1_200' title='bbox 1093 2458 1179 2540; x_wconf 88' lang='lat' dir='ltr'><strong>gode</strong></span> <span class='ocrx_word' id='word_1_201' title='bbox 1194 2477 1214 2524; x_wconf 88' lang='lat' dir='ltr'><strong>a</strong></span> <span class='ocrx_word' id='word_1_202' title='bbox 1230 2455 1399 2525; x_wconf 85' lang='lat' dir='ltr'><strong>thousand</strong></span> <span class='ocrx_word' id='word_1_203' title='bbox 1415 2457 1640 2544; x_wconf 85' lang='lat' dir='ltr'><strong>lyvhundreth</strong></span> <span class='ocrx_word' id='word_1_204' title='bbox 1685 2521 1686 2525; x_wconf 73' lang='grc'>,</span> 
     </span>
     <span class='ocr_line' id='line_1_18' title="bbox 284 2557 1640 2630; baseline 0.005 -7"><span class='ocrx_word' id='word_1_205' title='bbox 284 2558 385 2624; x_wconf 89' lang='lat' dir='ltr'><strong>Beior</strong></span> <span class='ocrx_word' id='word_1_206' title='bbox 405 2559 475 2625; x_wconf 89' lang='lat' dir='ltr'><strong>thir</strong></span> <span class='ocrx_word' id='word_1_207' title='bbox 495 2557 616 2626; x_wconf 85' lang='lat' dir='ltr'><strong>witnes</strong></span> <span class='ocrx_word' id='word_1_208' title='bbox 641 2561 771 2626; x_wconf 89' lang='lat' dir='ltr'><strong>Master</strong></span> <span class='ocrx_word' id='word_1_209' title='bbox 793 2561 912 2628; x_wconf 88' lang='lat' dir='ltr'><strong>Valter</strong></span> <span class='ocrx_word' id='word_1_210' title='bbox 937 2561 1159 2628; x_wconf 90' lang='lat' dir='ltr'><strong>drummonde</strong></span> <span class='ocrx_word' id='word_1_211' title='bbox 1183 2562 1267 2628; x_wconf 90' lang='lat' dir='ltr'><strong>dene</strong></span> <span class='ocrx_word' id='word_1_212' title='bbox 1292 2561 1329 2628; x_wconf 91' lang='lat' dir='ltr'><strong>oi</strong></span> <span class='ocrx_word' id='word_1_213' title='bbox 1354 2563 1524 2630; x_wconf 85' lang='lat' dir='ltr'><strong>dunblane</strong></span> <span class='ocrx_word' id='word_1_214' title='bbox 1553 2565 1640 2630; x_wconf 90' lang='lat' dir='ltr'><strong>ande</strong></span> 
     </span>
     <span class='ocr_line' id='line_1_19' title="bbox 282 2661 1639 2756; baseline 0.006 -28"><span class='ocrx_word' id='word_1_215' title='bbox 282 2663 392 2728; x_wconf 82' lang='lat' dir='ltr'><strong>clerks</strong></span> <span class='ocrx_word' id='word_1_216' title='bbox 419 2661 455 2728; x_wconf 88' lang='lat' dir='ltr'><strong>of</strong></span> <span class='ocrx_word' id='word_1_217' title='bbox 480 2685 521 2749; x_wconf 90' lang='lat' dir='ltr'><strong>ye</strong></span> <span class='ocrx_word' id='word_1_218' title='bbox 548 2665 704 2749; x_wconf 85' lang='lat' dir='ltr'><strong>Register</strong></span> <span class='ocrx_word' id='word_1_219' title='bbox 734 2667 864 2732; x_wconf 85' lang='lat' dir='ltr'><strong>Master</strong></span> <span class='ocrx_word' id='word_1_220' title='bbox 887 2665 1041 2735; x_wconf 89' lang='lat' dir='ltr'><strong>William</strong></span> <span class='ocrx_word' id='word_1_221' title='bbox 1069 2664 1225 2732; x_wconf 85' lang='lat' dir='ltr'><strong>Irelande</strong></span> <span class='ocrx_word' id='word_1_222' title='bbox 1254 2665 1347 2732; x_wconf 87' lang='lat' dir='ltr'>vicar</span> <span class='ocrx_word' id='word_1_223' title='bbox 1370 2669 1406 2733; x_wconf 89' lang='lat' dir='ltr'><strong>oi</strong></span> <span class='ocrx_word' id='word_1_224' title='bbox 1431 2667 1639 2756; x_wconf 88' lang='lat' dir='ltr'><strong>iortywywat</strong></span> 
     </span>
     <span class='ocr_line' id='line_1_20' title="bbox 282 2761 1642 2858; baseline 0.006 -26"><span class='ocrx_word' id='word_1_225' title='bbox 282 2776 410 2834; x_wconf 88' lang='lat' dir='ltr'><strong>master</strong></span> <span class='ocrx_word' id='word_1_226' title='bbox 435 2761 556 2852; x_wconf 84' lang='lat' dir='ltr'><strong>george</strong></span> <span class='ocrx_word' id='word_1_227' title='bbox 581 2767 783 2855; x_wconf 87' lang='lat' dir='ltr'><strong>streuelinge</strong></span> <span class='ocrx_word' id='word_1_228' title='bbox 810 2771 897 2837; x_wconf 90' lang='lat' dir='ltr'><strong>ande</strong></span> <span class='ocrx_word' id='word_1_229' title='bbox 921 2791 992 2836; x_wconf 87' lang='lat' dir='ltr'><strong>serr</strong></span> <span class='ocrx_word' id='word_1_230' title='bbox 1017 2769 1118 2838; x_wconf 89' lang='lat' dir='ltr'><strong>dauid</strong></span> <span class='ocrx_word' id='word_1_231' title='bbox 1141 2769 1203 2836; x_wconf 92' lang='lat' dir='ltr'><strong>leis</strong></span> <span class='ocrx_word' id='word_1_232' title='bbox 1230 2769 1394 2857; x_wconf 89' lang='lat' dir='ltr'><strong>chaplane</strong></span> <span class='ocrx_word' id='word_1_233' title='bbox 1417 2773 1525 2858; x_wconf 90' lang='lat' dir='ltr'><strong>Wyth</strong></span> <span class='ocrx_word' id='word_1_234' title='bbox 1551 2774 1642 2840; x_wconf 91' lang='lat' dir='ltr'><strong>vthir</strong></span> 
     </span>
     <span class='ocr_line' id='line_1_21' title="bbox 282 2873 1641 2961; baseline 0.005 -22"><span class='ocrx_word' id='word_1_235' title='bbox 282 2873 394 2939; x_wconf 87' lang='lat' dir='ltr'><strong>diuers</strong></span> <span class='ocrx_word' id='word_1_236' title='bbox 417 2873 737 2961; x_wconf 81' lang='lat' dir='ltr'><strong>QUASQUIDEM</strong></span> <span class='ocrx_word' id='word_1_237' title='bbox 762 2885 892 2942; x_wconf 87' lang='lat' dir='ltr'><strong>cartam</strong></span> <span class='ocrx_word' id='word_1_238' title='bbox 915 2883 948 2942; x_wconf 86' lang='lat' dir='ltr'><strong>et</strong></span> <span class='ocrx_word' id='word_1_239' title='bbox 973 2875 1121 2943; x_wconf 88' lang='lat' dir='ltr'><strong>litteram</strong></span> <span class='ocrx_word' id='word_1_240' title='bbox 1145 2895 1184 2943; x_wconf 89' lang='lat' dir='ltr'><strong>ac</strong></span> <span class='ocrx_word' id='word_1_241' title='bbox 1207 2876 1428 2943; x_wconf 89' lang='lat' dir='ltr'><strong>donacionem</strong></span> <span class='ocrx_word' id='word_1_242' title='bbox 1452 2887 1486 2944; x_wconf 92' lang='lat' dir='ltr'><strong>et</strong></span> <span class='ocrx_word' id='word_1_243' title='bbox 1505 2899 1641 2946; x_wconf 89' lang='lat' dir='ltr'><strong>conces·</strong></span> 
     </span>
     <span class='ocr_line' id='line_1_22' title="bbox 283 2966 1640 3068; baseline 0.007 -27"><span class='ocrx_word' id='word_1_244' title='bbox 283 2976 413 3042; x_wconf 90' lang='lat' dir='ltr'><strong>sionem</strong></span> <span class='ocrx_word' id='word_1_245' title='bbox 429 2977 463 3043; x_wconf 91' lang='lat' dir='ltr'><strong>in</strong></span> <span class='ocrx_word' id='word_1_246' title='bbox 479 2977 606 3046; x_wconf 87' lang='lat' dir='ltr'><strong>eisdem</strong></span> <span class='ocrx_word' id='word_1_247' title='bbox 630 2977 808 3047; x_wconf 87' lang='lat' dir='ltr'><strong>contentas</strong></span> <span class='ocrx_word' id='word_1_248' title='bbox 821 2966 865 3046; x_wconf 81' lang='lat' dir='ltr'><strong>¹In</strong></span> <span class='ocrx_word' id='word_1_249' title='bbox 882 2979 1039 3049; x_wconf 90' lang='lat' dir='ltr'><strong>omnibus</strong></span> <span class='ocrx_word' id='word_1_250' title='bbox 1062 2979 1133 3047; x_wconf 90' lang='lat' dir='ltr'><strong>suis</strong></span> <span class='ocrx_word' id='word_1_251' title='bbox 1153 2979 1289 3068; x_wconf 91' lang='lat' dir='ltr'><strong>punctis</strong></span> <span class='ocrx_word' id='word_1_252' title='bbox 1304 2989 1337 3048; x_wconf 94' lang='lat' dir='ltr'><strong>et</strong></span> <span class='ocrx_word' id='word_1_253' title='bbox 1354 2981 1506 3051; x_wconf 85' lang='lat' dir='ltr'><strong>articulis</strong></span> <span class='ocrx_word' id='word_1_254' title='bbox 1528 2985 1640 3051; x_wconf 93' lang='lat' dir='ltr'><strong>condi-</strong></span> 
     </span>
     <span class='ocr_line' id='line_1_23' title="bbox 283 3083 1640 3174; baseline 0.007 -27"><span class='ocrx_word' id='word_1_255' title='bbox 283 3083 435 3151; x_wconf 91' lang='lat' dir='ltr'><strong>cionibus</strong></span> <span class='ocrx_word' id='word_1_256' title='bbox 451 3093 484 3150; x_wconf 91' lang='lat' dir='ltr'><strong>et</strong></span> <span class='ocrx_word' id='word_1_257' title='bbox 500 3085 609 3151; x_wconf 92' lang='lat' dir='ltr'><strong>modis</strong></span> <span class='ocrx_word' id='word_1_258' title='bbox 625 3105 664 3152; x_wconf 91' lang='lat' dir='ltr'><strong>ac</strong></span> <span class='ocrx_word' id='word_1_259' title='bbox 681 3083 959 3153; x_wconf 87' lang='lat' dir='ltr'><strong>Circumstanciis</strong></span> <span class='ocrx_word' id='word_1_260' title='bbox 980 3085 1051 3152; x_wconf 87' lang='lat' dir='ltr'><strong>suis</strong></span> <span class='ocrx_word' id='word_1_261' title='bbox 1066 3085 1321 3172; x_wconf 85' lang='lat' dir='ltr'><strong>quibuscunque</strong></span> <span class='ocrx_word' id='word_1_262' title='bbox 1342 3085 1457 3154; x_wconf 88' lang='lat' dir='ltr'><strong>forma</strong></span> <span class='ocrx_word' id='word_1_263' title='bbox 1468 3088 1593 3174; x_wconf 88' lang='lat' dir='ltr'><strong>pariter</strong></span> <span class='ocrx_word' id='word_1_264' title='bbox 1607 3099 1640 3157; x_wconf 85' lang='lat' dir='ltr'><strong>et</strong></span> 
     </span>
     <span class='ocr_line' id='line_1_24' title="bbox 284 3189 1641 3279; baseline 0.005 -24"><span class='ocrx_word' id='word_1_265' title='bbox 284 3189 404 3256; x_wconf 81' lang='lat' dir='ltr'><strong>ellectu</strong></span> <span class='ocrx_word' id='word_1_266' title='bbox 421 3191 462 3256; x_wconf 93' lang='lat' dir='ltr'><strong>In</strong></span> <span class='ocrx_word' id='word_1_267' title='bbox 478 3191 635 3259; x_wconf 88' lang='lat' dir='ltr'><strong>omnibus</strong></span> <span class='ocrx_word' id='word_1_268' title='bbox 658 3201 694 3258; x_wconf 83' lang='lat' dir='ltr'><strong>e‘t·</strong></span> <span class='ocrx_word' id='word_1_269' title='bbox 715 3213 774 3278; x_wconf 90' lang='lat' dir='ltr'><strong>per</strong></span> <span class='ocrx_word' id='word_1_270' title='bbox 791 3189 905 3258; x_wconf 90' lang='lat' dir='ltr'><strong>omnia</strong></span> <span class='ocrx_word' id='word_1_271' title='bbox 928 3193 1155 3278; x_wconf 85' lang='lat' dir='ltr'><strong>approbamus</strong></span> <span class='ocrx_word' id='word_1_272' title='bbox 1179 3192 1404 3260; x_wconf 86' lang='lat' dir='ltr'><strong>Ratificamus</strong></span> <span class='ocrx_word' id='word_1_273' title='bbox 1419 3203 1452 3260; x_wconf 90' lang='lat' dir='ltr'><strong>et</strong></span> <span class='ocrx_word' id='word_1_274' title='bbox 1469 3195 1641 3279; x_wconf 88' lang='lat' dir='ltr'><strong>pronubis</strong></span> 
     </span>
     <span class='ocr_line' id='line_1_25' title="bbox 284 3295 1642 3386; baseline 0.004 -27"><span class='ocrx_word' id='word_1_275' title='bbox 284 3303 316 3386; x_wconf 83' lang='lat' dir='ltr'><strong>et</strong></span> <span class='ocrx_word' id='word_1_276' title='bbox 340 3297 591 3364; x_wconf 85' lang='lat' dir='ltr'><strong>successoribus</strong></span> <span class='ocrx_word' id='word_1_277' title='bbox 613 3295 738 3363; x_wconf 88' lang='lat' dir='ltr'><strong>nostris</strong></span> <span class='ocrx_word' id='word_1_278' title='bbox 760 3297 1024 3364; x_wconf 87' lang='lat' dir='ltr'><strong>admortiaamus</strong></span> <span class='ocrx_word' id='word_1_279' title='bbox 1047 3305 1080 3365; x_wconf 90' lang='lat' dir='ltr'><strong>et</strong></span> <span class='ocrx_word' id='word_1_280' title='bbox 1104 3297 1147 3364; x_wconf 91' lang='lat' dir='ltr'><strong>ad</strong></span> <span class='ocrx_word' id='word_1_281' title='bbox 1170 3317 1309 3364; x_wconf 87' lang='lat' dir='ltr'><strong>manum</strong></span> <span class='ocrx_word' id='word_1_282' title='bbox 1334 3305 1502 3364; x_wconf 88' lang='lat' dir='ltr'><strong>mortuam</strong></span> <span class='ocrx_word' id='word_1_283' title='bbox 1518 3307 1554 3364; x_wconf 91' lang='lat' dir='ltr'><strong>vt</strong></span> <span class='ocrx_word' id='word_1_284' title='bbox 1570 3321 1642 3384; x_wconf 88' lang='lat' dir='ltr'><strong>pre·</strong></span> 
     </span>
     <span class='ocr_line' id='line_1_26' title="bbox 284 3399 1643 3487; baseline 0.005 -24"><span class='ocrx_word' id='word_1_285' title='bbox 284 3399 425 3465; x_wconf 90' lang='lat' dir='ltr'><strong>missum</strong></span> <span class='ocrx_word' id='word_1_286' title='bbox 453 3409 505 3466; x_wconf 84' lang='lat' dir='ltr'><strong>est</strong></span> <span class='ocrx_word' id='word_1_287' title='bbox 531 3422 591 3487; x_wconf 89' lang='lat' dir='ltr'><strong>pro</strong></span> <span class='ocrx_word' id='word_1_288' title='bbox 617 3409 778 3486; x_wconf 88' lang='lat' dir='ltr'><strong>perpetuo</strong></span> <span class='ocrx_word' id='word_1_289' title='bbox 805 3401 1046 3468; x_wconf 87' lang='lat' dir='ltr'><strong>confirmamus</strong></span> <span class='ocrx_word' id='word_1_290' title='bbox 1073 3399 1186 3466; x_wconf 90' lang='lat' dir='ltr'><strong>Saluis</strong></span> <span class='ocrx_word' id='word_1_291' title='bbox 1210 3399 1307 3467; x_wconf 91' lang='lat' dir='ltr'><strong>nobis</strong></span> <span class='ocrx_word' id='word_1_292' title='bbox 1333 3409 1366 3467; x_wconf 87' lang='lat' dir='ltr'><strong>et</strong></span> <span class='ocrx_word' id='word_1_293' title='bbox 1391 3401 1643 3470; x_wconf 84' lang='lat' dir='ltr'><strong>successoribus</strong></span> 
     </span>
     <span class='ocr_line' id='line_1_27' title="bbox 284 3503 1642 3592; baseline 0.004 -24"><span class='ocrx_word' id='word_1_294' title='bbox 284 3503 409 3569; x_wconf 86' lang='lat' dir='ltr'><strong>nostris</strong></span> <span class='ocrx_word' id='word_1_295' title='bbox 439 3503 520 3572; x_wconf 90' lang='lat' dir='ltr'><strong>dicti</strong></span> <span class='ocrx_word' id='word_1_296' title='bbox 551 3505 715 3591; x_wconf 88' lang='lat' dir='ltr'><strong>capellanj</strong></span> <span class='ocrx_word' id='word_1_297' title='bbox 747 3515 780 3572; x_wconf 88' lang='lat' dir='ltr'><strong>et</strong></span> <span class='ocrx_word' id='word_1_298' title='bbox 811 3525 949 3572; x_wconf 89' lang='lat' dir='ltr'><strong>suorum</strong></span> <span class='ocrx_word' id='word_1_299' title='bbox 980 3525 1214 3572; x_wconf 86' lang='lat' dir='ltr'><strong>successorum</strong></span> <span class='ocrx_word' id='word_1_300' title='bbox 1252 3503 1442 3572; x_wconf 88' lang='lat' dir='ltr'><strong>orationum</strong></span> <span class='ocrx_word' id='word_1_301' title='bbox 1474 3505 1642 3592; x_wconf 84' lang='lat' dir='ltr'><strong>suffragiis</strong></span> 
     </span>
     <span class='ocr_line' id='line_1_28' title="bbox 283 3607 1642 3694; baseline 0.003 -20"><span class='ocrx_word' id='word_1_302' title='bbox 283 3607 482 3674; x_wconf 85' lang='lat' dir='ltr'><strong>deuotarum</strong></span> <span class='ocrx_word' id='word_1_303' title='bbox 512 3617 646 3676; x_wconf 89' lang='lat' dir='ltr'><strong>tantum</strong></span> <span class='ocrx_word' id='word_1_304' title='bbox 675 3611 724 3676; x_wconf 90' lang='lat' dir='ltr'><strong>IN</strong></span> <span class='ocrx_word' id='word_1_305' title='bbox 757 3609 853 3677; x_wconf 89' lang='lat' dir='ltr'><strong>cuius</strong></span> <span class='ocrx_word' id='word_1_306' title='bbox 881 3609 944 3676; x_wconf 91' lang='lat' dir='ltr'><strong>Rei</strong></span> <span class='ocrx_word' id='word_1_307' title='bbox 970 3607 1203 3676; x_wconf 89' lang='lat' dir='ltr'><strong>testimonium</strong></span> <span class='ocrx_word' id='word_1_308' title='bbox 1230 3609 1378 3694; x_wconf 85' lang='lat' dir='ltr'><strong>presenti</strong></span> <span class='ocrx_word' id='word_1_309' title='bbox 1409 3618 1501 3676; x_wconf 87' lang='lat' dir='ltr'><strong>carte</strong></span> <span class='ocrx_word' id='word_1_310' title='bbox 1527 3621 1642 3678; x_wconf 90' lang='lat' dir='ltr'><strong>nostre</strong></span> 
     </span>
     <span class='ocr_line' id='line_1_29' title="bbox 284 3713 1641 3802; baseline 0.004 -24"><span class='ocrx_word' id='word_1_311' title='bbox 284 3713 554 3780; x_wconf 81' lang='lat' dir='ltr'><strong>confirmacionis</strong></span> <span class='ocrx_word' id='word_1_312' title='bbox 574 3725 607 3780; x_wconf 90' lang='lat' dir='ltr'><strong>et</strong></span> <span class='ocrx_word' id='word_1_313' title='bbox 631 3713 949 3782; x_wconf 87' lang='lat' dir='ltr'><strong>admortificacionis</strong></span> <span class='ocrx_word' id='word_1_314' title='bbox 973 3735 1135 3800; x_wconf 88' lang='lat' dir='ltr'><strong>magnum</strong></span> <span class='ocrx_word' id='word_1_315' title='bbox 1160 3713 1316 3800; x_wconf 85' lang='lat' dir='ltr'><strong>Sigillum</strong></span> <span class='ocrx_word' id='word_1_316' title='bbox 1340 3723 1493 3782; x_wconf 87' lang='lat' dir='ltr'><strong>nostrum</strong></span> <span class='ocrx_word' id='word_1_317' title='bbox 1517 3717 1641 3802; x_wconf 91' lang='lat' dir='ltr'><strong>apponi</strong></span> 
     </span>
     <span class='ocr_line' id='line_1_30' title="bbox 283 3815 1642 3908; baseline 0.004 -24"><span class='ocrx_word' id='word_1_318' title='bbox 283 3819 495 3904; x_wconf 87' lang='lat' dir='ltr'><strong>precepimus</strong></span> <span class='ocrx_word' id='word_1_319' title='bbox 523 3817 762 3890; x_wconf 86' lang='lat' dir='ltr'>TESTIBUS</span> <span class='ocrx_word' id='word_1_320' title='bbox 787 3815 1090 3889; x_wconf 67' lang='lat' dir='ltr'><strong>&#39;Reuerendissimo</strong></span> <span class='ocrx_word' id='word_1_321' title='bbox 1116 3819 1151 3886; x_wconf 93' lang='lat' dir='ltr'><strong>in</strong></span> <span class='ocrx_word' id='word_1_322' title='bbox 1178 3819 1305 3886; x_wconf 92' lang='lat' dir='ltr'><strong>christo</strong></span> <span class='ocrx_word' id='word_1_323' title='bbox 1335 3827 1431 3906; x_wconf 85' lang='lat' dir='ltr'><strong>patre</strong></span> <span class='ocrx_word' id='word_1_324' title='bbox 1460 3831 1642 3908; x_wconf 86' lang='lat' dir='ltr'><strong>nostroque</strong></span> 
     </span>
     <span class='ocr_line' id='line_1_31' title="bbox 285 3924 1641 4012; baseline 0.003 -22"><span class='ocrx_word' id='word_1_325' title='bbox 285 3924 460 4000; x_wconf 88' lang='lat' dir='ltr'><strong>carissimo</strong></span> <span class='ocrx_word' id='word_1_326' title='bbox 493 3925 595 3993; x_wconf 89' lang='lat' dir='ltr'><strong>iratre</strong></span> <span class='ocrx_word' id='word_1_327' title='bbox 631 3927 755 3994; x_wconf 90' lang='lat' dir='ltr'><strong>Iacobo</strong></span> <span class='ocrx_word' id='word_1_328' title='bbox 789 3927 1033 3995; x_wconf 85' lang='lat' dir='ltr'><strong>Sanctiandree</strong></span> <span class='ocrx_word' id='word_1_329' title='bbox 1067 3924 1320 4012; x_wconf 89' lang='lat' dir='ltr'><strong>archiepiscopo</strong></span> <span class='ocrx_word' id='word_1_330' title='bbox 1356 3927 1442 3994; x_wconf 86' lang='lat' dir='ltr'><strong>duce</strong></span> <span class='ocrx_word' id='word_1_331' title='bbox 1473 3927 1578 4006; x_wconf 89' lang='lat' dir='ltr'><strong>rossie</strong></span> <span class='ocrx_word' id='word_1_332' title='bbox 1608 3937 1641 3994; x_wconf 89' lang='lat' dir='ltr'><strong>et</strong></span> 
     </span>
     <span class='ocr_line' id='line_1_32' title="bbox 284 4029 1642 4120; baseline 0.004 -26"><span class='ocrx_word' id='word_1_333' title='bbox 284 4029 485 4098; x_wconf 84' lang='lat' dir='ltr'><strong>cancellario</strong></span> <span class='ocrx_word' id='word_1_334' title='bbox 508 4041 624 4098; x_wconf 90' lang='lat' dir='ltr'><strong>nostro</strong></span> <span class='ocrx_word' id='word_1_335' title='bbox 648 4033 847 4100; x_wconf 84' lang='lat' dir='ltr'><strong>Reuerendo</strong></span> <span class='ocrx_word' id='word_1_336' title='bbox 869 4033 904 4099; x_wconf 93' lang='lat' dir='ltr'><strong>in</strong></span> <span class='ocrx_word' id='word_1_337' title='bbox 927 4031 1055 4099; x_wconf 89' lang='lat' dir='ltr'><strong>christo</strong></span> <span class='ocrx_word' id='word_1_338' title='bbox 1078 4041 1173 4118; x_wconf 92' lang='lat' dir='ltr'><strong>patre</strong></span> <span class='ocrx_word' id='word_1_339' title='bbox 1189 4031 1363 4100; x_wconf 88' lang='lat' dir='ltr'><strong>Willelmo</strong></span> <span class='ocrx_word' id='word_1_340' title='bbox 1383 4031 1542 4120; x_wconf 89' lang='lat' dir='ltr'><strong>episcopo</strong></span> <span class='ocrx_word' id='word_1_341' title='bbox 1557 4033 1642 4101; x_wconf 91' lang='lat' dir='ltr'><strong>abir-</strong></span> 
     </span>
     <span class='ocr_line' id='line_1_33' title="bbox 284 4135 1643 4226; baseline 0.005 -27"><span class='ocrx_word' id='word_1_342' title='bbox 284 4135 424 4201; x_wconf 90' lang='lat' dir='ltr'><strong>donensi</strong></span> <span class='ocrx_word' id='word_1_343' title='bbox 463 4135 568 4204; x_wconf 87' lang='lat' dir='ltr'><strong>nostri</strong></span> <span class='ocrx_word' id='word_1_344' title='bbox 603 4137 723 4204; x_wconf 85' lang='lat' dir='ltr'><strong>secreti</strong></span> <span class='ocrx_word' id='word_1_345' title='bbox 754 4137 854 4226; x_wconf 89' lang='lat' dir='ltr'><strong>sigilli</strong></span> <span class='ocrx_word' id='word_1_346' title='bbox 885 4139 1024 4206; x_wconf 90' lang='lat' dir='ltr'><strong>custode</strong></span> <span class='ocrx_word' id='word_1_347' title='bbox 1055 4137 1187 4206; x_wconf 86' lang='lat' dir='ltr'><strong>dilectis</strong></span> <span class='ocrx_word' id='word_1_348' title='bbox 1218 4139 1487 4224; x_wconf 85' lang='lat' dir='ltr'><strong>Consanguineis</strong></span> <span class='ocrx_word' id='word_1_349' title='bbox 1517 4139 1643 4206; x_wconf 89' lang='lat' dir='ltr'><strong>nostris</strong></span> 
     </span>
     <span class='ocr_line' id='line_1_34' title="bbox 283 4239 1642 4328; baseline 0.003 -22"><span class='ocrx_word' id='word_1_350' title='bbox 283 4239 486 4308; x_wconf 86' lang='lat' dir='ltr'><strong>Archibaldo</strong></span> <span class='ocrx_word' id='word_1_351' title='bbox 509 4243 633 4310; x_wconf 88' lang='lat' dir='ltr'><strong>comite</strong></span> <span class='ocrx_word' id='word_1_352' title='bbox 656 4245 697 4311; x_wconf 89' lang='lat' dir='ltr'><strong>de</strong></span> <span class='ocrx_word' id='word_1_353' title='bbox 720 4243 834 4328; x_wconf 90' lang='lat' dir='ltr'><strong>Ergile</strong></span> <span class='ocrx_word' id='word_1_354' title='bbox 857 4243 994 4311; x_wconf 91' lang='lat' dir='ltr'><strong>domino</strong></span> <span class='ocrx_word' id='word_1_355' title='bbox 1021 4243 1187 4328; x_wconf 90' lang='lat' dir='ltr'><strong>campbell</strong></span> <span class='ocrx_word' id='word_1_356' title='bbox 1210 4250 1244 4310; x_wconf 89' lang='lat' dir='ltr'><strong>et</strong></span> <span class='ocrx_word' id='word_1_357' title='bbox 1267 4243 1360 4310; x_wconf 91' lang='lat' dir='ltr'><strong>lorne</strong></span> <span class='ocrx_word' id='word_1_358' title='bbox 1380 4243 1543 4328; x_wconf 87' lang='lat' dir='ltr'><strong>magistro</strong></span> <span class='ocrx_word' id='word_1_359' title='bbox 1566 4243 1642 4311; x_wconf 91' lang='lat' dir='ltr'><strong>hos·</strong></span> 
     </span>
     <span class='ocr_line' id='line_1_35' title="bbox 284 4345 1642 4431; baseline 0.004 -20"><span class='ocrx_word' id='word_1_360' title='bbox 284 4345 361 4431; x_wconf 90' lang='lat' dir='ltr'><strong>picij</strong></span> <span class='ocrx_word' id='word_1_361' title='bbox 379 4345 485 4414; x_wconf 90' lang='lat' dir='ltr'><strong>nostri</strong></span> <span class='ocrx_word' id='word_1_362' title='bbox 501 4345 649 4416; x_wconf 88' lang='lat' dir='ltr'><strong>Patricio</strong></span> <span class='ocrx_word' id='word_1_363' title='bbox 671 4349 794 4417; x_wconf 89' lang='lat' dir='ltr'><strong>comite</strong></span> <span class='ocrx_word' id='word_1_364' title='bbox 812 4351 854 4416; x_wconf 88' lang='lat' dir='ltr'><strong>de</strong></span> <span class='ocrx_word' id='word_1_365' title='bbox 872 4347 1035 4416; x_wconf 88' lang='lat' dir='ltr'><strong>boithuile</strong></span> <span class='ocrx_word' id='word_1_366' title='bbox 1057 4347 1194 4416; x_wconf 91' lang='lat' dir='ltr'><strong>domino</strong></span> <span class='ocrx_word' id='word_1_367' title='bbox 1213 4348 1289 4415; x_wconf 87' lang='lat' dir='ltr'><strong>hals</strong></span> <span class='ocrx_word' id='word_1_368' title='bbox 1304 4367 1343 4416; x_wconf 86' lang='lat' dir='ltr'><strong>ac</strong></span> <span class='ocrx_word' id='word_1_369' title='bbox 1361 4349 1500 4416; x_wconf 89' lang='lat' dir='ltr'><strong>Matheo</strong></span> <span class='ocrx_word' id='word_1_370' title='bbox 1518 4349 1642 4416; x_wconf 89' lang='lat' dir='ltr'><strong>comite</strong></span> 
     </span>
    </p>
   </div>
   <div class='ocr_carea' id='block_1_3' title="bbox 284 4442 1644 4752">
    <p class='ocr_par' dir='ltr' id='par_1_3' title="bbox 284 4442 1644 4752">
     <span class='ocr_line' id='line_1_36' title="bbox 284 4442 1643 4546; baseline 0.002 -28"><span class='ocrx_word' id='word_1_371' title='bbox 284 4451 326 4518; x_wconf 90' lang='lat' dir='ltr'><strong>de</strong></span> <span class='ocrx_word' id='word_1_372' title='bbox 349 4453 489 4522; x_wconf 87' lang='lat' dir='ltr'><strong>levenax</strong></span> <span class='ocrx_word' id='word_1_373' title='bbox 511 4455 648 4522; x_wconf 84' lang='lat' dir='ltr'><strong>domino</strong></span> <span class='ocrx_word' id='word_1_374' title='bbox 663 4457 704 4521; x_wconf 91' lang='lat' dir='ltr'><strong>de</strong></span> <span class='ocrx_word' id='word_1_375' title='bbox 719 4442 812 4522; x_wconf 80' lang='lat' dir='ltr'><strong>rulor</strong></span> <span class='ocrx_word' id='word_1_376' title='bbox 825 4449 1016 4523; x_wconf 79' lang='lat' dir='ltr'><strong>Alexandro</strong></span> <span class='ocrx_word' id='word_1_377' title='bbox 1033 4455 1171 4522; x_wconf 90' lang='lat' dir='ltr'><strong>domino</strong></span> <span class='ocrx_word' id='word_1_378' title='bbox 1192 4455 1294 4522; x_wconf 90' lang='lat' dir='ltr'><strong>hume</strong></span> <span class='ocrx_word' id='word_1_379' title='bbox 1318 4475 1442 4546; x_wconf 87' lang='lat' dir='ltr'><strong>magno</strong></span> <span class='ocrx_word' id='word_1_380' title='bbox 1457 4454 1643 4522; x_wconf 87' lang='lat' dir='ltr'><strong>camerario</strong></span> 
     </span>
     <span class='ocr_line' id='line_1_37' title="bbox 285 4559 1643 4646; baseline 0.004 -24"><span class='ocrx_word' id='word_1_381' title='bbox 285 4567 400 4624; x_wconf 90' lang='lat' dir='ltr'><strong>nostro</strong></span> <span class='ocrx_word' id='word_1_382' title='bbox 426 4561 560 4626; x_wconf 86' lang='lat' dir='ltr'><strong>Andrea</strong></span> <span class='ocrx_word' id='word_1_383' title='bbox 584 4559 721 4626; x_wconf 90' lang='lat' dir='ltr'><strong>domino</strong></span> <span class='ocrx_word' id='word_1_384' title='bbox 750 4561 792 4627; x_wconf 92' lang='lat' dir='ltr'><strong>de</strong></span> <span class='ocrx_word' id='word_1_385' title='bbox 821 4581 904 4646; x_wconf 86' lang='lat' dir='ltr'><strong>gray</strong></span> <span class='ocrx_word' id='word_1_386' title='bbox 931 4559 1122 4628; x_wconf 88' lang='lat' dir='ltr'><strong>Iusticiario</strong></span> <span class='ocrx_word' id='word_1_387' title='bbox 1152 4571 1268 4628; x_wconf 86' lang='lat' dir='ltr'><strong>nostro</strong></span> <span class='ocrx_word' id='word_1_388' title='bbox 1290 4561 1345 4627; x_wconf 87' lang='lat' dir='ltr'><strong>&#39;Et</strong></span> <span class='ocrx_word' id='word_1_389' title='bbox 1372 4559 1495 4628; x_wconf 85' lang='lat' dir='ltr'><strong>dilecto</strong></span> <span class='ocrx_word' id='word_1_390' title='bbox 1521 4559 1643 4628; x_wconf 89' lang='lat' dir='ltr'><strong>clerico</strong></span> 
     </span>
     <span class='ocr_line' id='line_1_38' title="bbox 286 4665 1644 4752; baseline 0.003 -22"><span class='ocrx_word' id='word_1_391' title='bbox 286 4675 401 4735; x_wconf 90' lang='lat' dir='ltr'><strong>nostro</strong></span> <span class='ocrx_word' id='word_1_392' title='bbox 428 4665 590 4750; x_wconf 87' lang='lat' dir='ltr'><strong>magistro</strong></span> <span class='ocrx_word' id='word_1_393' title='bbox 619 4666 752 4752; x_wconf 88' lang='lat' dir='ltr'><strong>gawino</strong></span> <span class='ocrx_word' id='word_1_394' title='bbox 778 4667 909 4734; x_wconf 90' lang='lat' dir='ltr'><strong>dunbar</strong></span> <span class='ocrx_word' id='word_1_395' title='bbox 934 4667 1064 4734; x_wconf 85' lang='lat' dir='ltr'><strong>decano</strong></span> <span class='ocrx_word' id='word_1_396' title='bbox 1089 4665 1294 4735; x_wconf 88' lang='lat' dir='ltr'><strong>morauiensi</strong></span> <span class='ocrx_word' id='word_1_397' title='bbox 1321 4675 1512 4734; x_wconf 84' lang='lat' dir='ltr'><strong>nostrorum</strong></span> <span class='ocrx_word' id='word_1_398' title='bbox 1538 4667 1644 4734; x_wconf 90' lang='lat' dir='ltr'><strong>Rotu-</strong></span> 
     </span>
    </p>
   </div>
   <div class='ocr_carea' id='block_1_4' title="bbox 0 0 2258 5988">
    <p class='ocr_par' dir='ltr' id='par_1_4' title="bbox 0 0 2258 5988">
     <span class='ocr_line' id='line_1_39' title="bbox 0 0 2258 5988; baseline 0 0"><span class='ocrx_word' id='word_1_399' title='bbox 0 0 2258 5988; x_wconf 95' lang='lat' dir='ltr'><strong> </strong></span> 
     </span>
    </p>
   </div>
  </div>
 </body>
</html>
