4460 5984
1013 413 1032 470 l

758 674 858 744 Carta
879 673 1031 742 Iohmmis
1054 673 1126 740 blak
1563 691 1624 758 147

265 845 361 915 nauit
376 847 426 916 Ac
449 855 559 916 totum
586 849 645 916 Ius
668 855 701 914 et
725 847 893 916 clameum
916 843 1155 932 proprietatem
1180 855 1213 912 et
1237 843 1569 932 possessionemque
1592 855 1625 913 et

265 973 351 1038 quas
373 951 475 1022 habet
497 952 616 1022 habuit
639 961 698 1020 aut
721 951 845 1021 habere
868 951 977 1038 potuit
1001 949 1036 1018 in
1052 961 1086 1018 et
1102 951 1145 1018 ad
1163 948 1357 1018 huiusmodi
1380 970 1529 1018 annuum
1553 951 1625 1018 red·

264 1055 373 1124 ditum
389 1056 577 1126 octodecim
600 1056 783 1126 solidorum
800 1077 877 1125 curn
902 1053 1119 1142 pertinenciis
1141 1051 1280 1122 omnino
1295 1052 1447 1140 quietum
1462 1053 1625 1122 clamauit

266 1164 519 1249 Imperpetuurn
544 1163 596 1232 Ad
618 1163 767 1232 dandum
795 1160 944 1230 sasinam
968 1169 1002 1230 et
1024 1158 1273 1247 possessionem
1296 1157 1517 1228 hereditarias
1538 1158 1625 1227 eius·

264 1267 341 1334 dem
368 1267 554 1354 capellanis
583 1267 677 1336 chori
709 1266 852 1336 ecclesie
880 1265 1086 1353 parochialis
1112 1265 1180 1352 diuj
1212 1263 1371 1350 nicholaij
1399 1266 1440 1332 de
1466 1263 1625 1333 abirdene

264 1373 371 1440 donec
402 1382 435 1440 et
462 1395 637 1460 quousque
666 1373 747 1442 dicti
778 1373 943 1460 capellanj
976 1383 1035 1442 aut
1065 1371 1118 1440 sui
1149 1391 1361 1439 successores
1391 1390 1450 1456 per
1479 1373 1623 1440 eundem

265 1476 453 1546 Iohannem
484 1488 543 1548 aut
573 1501 654 1548 suos
683 1480 824 1548 heredes
847 1477 1067 1546 ‚infeodantur
1092 1487 1126 1546 et
1157 1485 1285 1546 statum
1315 1475 1563 1563 possessionem
1590 1487 1624 1546 et

264 1581 414 1652 sasinam
438 1583 659 1654 hereditarias
681 1583 860 1654 habuerint
883 1583 982 1652 vnius
1004 1583 1109 1668 annuj
1133 1581 1285 1652 redditus
1307 1603 1366 1648 sex
1388 1580 1570 1649 solidorum
1590 1592 1624 1649 et

263 1696 341 1756 octo
356 1689 570 1758 denariorum
586 1690 621 1758 in
636 1690 704 1758 alio
722 1690 797 1760 loco
813 1687 1012 1758 sufficientis
1027 1697 1062 1758 et
1077 1685 1309 1756 convenientis
1324 1685 1424 1754 dictis
1439 1685 1624 1773 capellanis

264 1793 311 1888 Et
346 1804 591 1881 consequenter
622 1796 718 1862 Idem
748 1793 894 1863 balliuus
924 1795 966 1861 de
996 1791 1135 1880 speciali
1167 1793 1328 1860 mandato
1358 1789 1465 1876 ipsius
1495 1791 1622 1858 domini

263 1896 413 1984 resignat
433 1908 561 1968 statum
582 1899 831 1987 possessiouem
850 1909 884 1968 et
905 1899 1055 1968 sasinam
1078 1895 1305 1967 successarias
1326 1894 1437 1964 tocius
1452 1903 1486 1964 et
1501 1894 1622 1980 integrj

263 2003 375 2090 Annuj
403 2005 554 2074 redditus
583 2005 771 2076 octodecim
801 2005 985 2074 solidorum
1015 2002 1183 2090 prenotati
1213 2001 1359 2070 discreto
1384 2000 1457 2068 viro
1486 1999 1623 2068 donnino

262 2107 364 2176 dauid
387 2111 499 2178 Waus
522 2110 693 2180 collectori
719 2119 754 2180 et
784 2108 990 2197 procuratorj
1019 2108 1186 2186 dictorum
1210 2105 1461 2194 capellanorum
1486 2104 1623 2174 nomine

262 2214 445 2280 eorundem
461 2235 520 2300 per
536 2215 663 2300 denarii
688 2217 729 2285 de
752 2213 849 2282 intoll
865 2213 1087 2282 donacionem
1111 2210 1254 2280 contulit
1278 2219 1311 2276 et
1332 2230 1411 2276 cum
1429 2209 1551 2276 effectu
1566 2210 1621 2276 de-

262 2315 417 2384 liberauit
441 2327 475 2386 et
497 2317 609 2405 ipsum
630 2318 665 2386 in
682 2319 801 2386 eodem
823 2317 955 2386 induxit
978 2315 1139 2404 imposuit
1155 2325 1189 2382 et
1207 2311 1425 2400 corporaliter
1446 2312 1621 2382 inuestiuit

262 2421 352 2505 apud
368 2422 504 2488 eosdem
520 2443 718 2490 remansuro
733 2424 840 2490 donec
855 2431 890 2489 et
902 2441 1075 2508 quousque
1090 2419 1206 2506 eisque
1218 2417 1434 2504 prouideatur
1449 2419 1490 2486 de
1506 2439 1621 2504 supra·

262 2523 353 2590 dicto
383 2545 496 2594 annuo
526 2527 657 2596 redditu
684 2548 743 2613 per
765 2528 909 2594 eundem
937 2525 1124 2594 Iohannem
1149 2532 1208 2592 aut
1239 2543 1319 2590 suos
1345 2521 1485 2589 heredes
1511 2521 1621 2606 Super

262 2627 384 2713 quibus
412 2631 570 2700 omuibus
599 2641 633 2699 et
667 2632 810 2718 singulis
839 2631 951 2700 dictus
976 2629 1135 2698 dominus
1164 2627 1324 2696 collector
1353 2647 1374 2694 a
1405 2647 1459 2694 me
1489 2625 1621 2694 notario

261 2731 397 2817 publico
412 2733 476 2802 sibi
491 2733 562 2802 fieri
581 2734 683 2822 peciit
698 2756 836 2822 presens
858 2733 1031 2820 publicum
1054 2731 1318 2800 instrumentum
1333 2731 1420 2798 Acta
1441 2739 1537 2798 erant
1557 2729 1620 2798 hec

262 2855 363 2922 super
381 2836 510 2908 dictum
531 2848 620 2908 terre
640 2841 750 2909 solum
770 2841 889 2909 horam
914 2839 1047 2908 circiter
1070 2837 1236 2908 decimam
1260 2844 1340 2904 ante
1363 2833 1535 2902 meridiem
1557 2835 1621 2904 sub

261 2961 352 3010 anno
381 2943 435 3012 die
464 2967 581 3014 mense
610 2945 794 3016 indictione
823 2956 857 3014 et
887 2944 1098 3032 pontifficatu
1124 2944 1247 3031 quibus
1276 2963 1379 3028 supra
1408 2939 1620 3030 presentibus

263 3045 392 3116 lbidem
408 3051 662 3121 honorabilibus
675 3051 756 3122 viris
772 3056 900 3122 Ioanne
922 3051 1113 3121 rutherlurd
1134 3051 1268 3120 roberto
1288 3049 1367 3120 blak
1385 3048 1487 3118 dauid
1510 3051 1620 3118 baune
1681 3085 1685 3096 ·

262 3149 484 3237 burgensibus
499 3156 540 3223 de
555 3155 713 3226 abirdene
728 3156 866 3226 domino
887 3159 1016 3225 Ioanne
1031 3157 1142 3226 Waus
1157 3153 1332 3241 capellano
1347 3161 1381 3220 et
1397 3151 1515 3222 thoma
1536 3152 1621 3222 blair

262 3255 440 3342 sergiatndo
465 3283 543 3331 cum
570 3263 725 3332 diuersus
751 3263 827 3332 aliis
852 3262 998 3332 testibus
1023 3264 1065 3332 ad
1093 3259 1257 3348 premissa
1283 3256 1412 3339 vocatis
1438 3257 1563 3344 pariter
1585 3267 1618 3326 et

261 3363 389 3448 rogatis
411 3367 461 3436 &c

384 3590 430 3657 Et
452 3611 516 3677 ego
538 3591 640 3660 dauid
663 3591 860 3660 nicholsone
880 3591 1018 3660 Arcium
1041 3591 1209 3677 professor
1231 3589 1407 3672 scn'baque
1430 3587 1521 3654 cun'e
1544 3589 1616 3656 bal·

383 3695 529 3764 liuorurn
553 3697 793 3766 aberdonensis
815 3706 849 3766 et
873 3697 1026 3766 eiusdem
1049 3695 1222 3764 dioceseos
1244 3712 1376 3760 necnon
1400 3711 1498 3760 sacra
1511 3678 1616 3779 'apos-

382 3801 485 3870 tolica
507 3803 709 3872 auctoritate
734 3802 887 3872 notarius
910 3801 1065 3889 publicus
1090 3801 1170 3888 quia
1192 3797 1366 3887 premissis
1388 3796 1615 3884 resignacioni

312 3897 338 3992 ἓ
383 3908 588 3995 possessioni
606 3919 640 3977 et
663 3909 796 3978 dacioni
819 3908 1007 3995 ceterisque
1029 3907 1187 3976 omnibus
1209 3904 1286 3973 aliis
1307 3913 1341 3972 et
1368 3901 1511 3988 siugulis
1535 3903 1616 3970 dum

383 4013 433 4080 sic
448 4023 485 4082 ut
497 4014 704 4100 premittitur
718 4013 911 4084 dicerentur
925 4023 959 4081 et
975 4013 1094 4080 fierent
1108 4031 1255 4080 unacum
1271 4007 1459 4096 prenotatis
1470 4007 1616 4074 testibus

305 4117 338 4218 ᾗ
383 4137 524 4202 presens
540 4117 761 4204 personaliter
775 4117 911 4186 interlui
928 4119 1047 4203 anue
1065 4115 1179 4184 omnia
1195 4125 1229 4183 et
1245 4113 1381 4200 singula
1396 4110 1445 4180 sic
1460 4109 1533 4178 fieri
1548 4110 1616 4179 vidi

312 4219 330 4308 Ε
384 4229 418 4288 et
434 4221 549 4288 audiui
564 4230 598 4288 et
614 4223 732 4290 eadem
748 4221 783 4289 in
798 4229 916 4290 notam
933 4221 1007 4308 cepi
1029 4221 1171 4306 ideoque
1194 4220 1259 4288 boc
1282 4237 1421 4304 presens
1443 4215 1615 4302 publicum

384 4325 647 4395 instrumentum
678 4327 788 4396 aliena
818 4349 923 4396 manu
954 4325 1097 4394 fideliter
1135 4325 1298 4410 scriptum
1328 4321 1448 4388 exinde
1486 4319 1615 4406 conlecj

384 4430 516 4517 signauj
534 4441 568 4498 et
584 4431 767 4518 subscripsi
777 4441 918 4518 rogatus
932 4441 967 4500 et
982 4429 1165 4518 requisitus
1176 4431 1212 4497 in
1223 4429 1324 4497 fidem
1337 4436 1370 4496 et
1383 4424 1615 4494 testimonium

383 4535 535 4605 omnium
552 4547 586 4604 et
602 4537 811 4624 singulorum
826 4533 1067 4623 premissorum
