4488 5996
613 664 681 751 236
811 665 911 735 carta
932 673 1064 755 qrmtuor
1087 666 1270 740 Solidorum
1291 667 1328 736 de
1348 675 1433 736 terra
1459 669 1612 740 thtetmi
1630 671 1787 760 gareauclr

618 839 839 916 defendemus,
867 843 907 908 In
939 842 1046 911 Cuius
1077 843 1152 928 Rejv
1172 843 1420 912 Testimonium
1451 844 1530 912 huic
1560 845 1706 931 presentj
1735 855 1829 914 carte
1857 856 1973 914 nostre
2080 849 2082 854 '
2205 907 2206 918 ,

618 945 774 1029 Sigillum
804 957 957 1014 nostrum
995 969 1175 1016 commune
1206 957 1240 1015 et
1270 949 1428 1034 Sigillum
1465 949 1672 1019 honorabilis
1708 950 1769 1035 virj
1810 951 1973 1019 Iohannis

616 1050 775 1118 Colisone
789 1051 888 1120 vnius
904 1053 1104 1120 balliuorum
1120 1053 1202 1120 dicti
1223 1054 1317 1138 hurgj
1335 1075 1376 1120 ac
1391 1055 1518 1122 da'toris
1537 1055 1657 1124 Sasine
1677 1055 1871 1124 huiusmodi
1886 1067 1973 1124 terre

616 1167 696 1224 sunt
722 1177 872 1243 appensa
897 1161 987 1244 apud
1013 1160 1181 1230 Abirdene
1202 1159 1361 1228 vicesimo
1385 1160 1450 1226 Die
1473 1161 1600 1228 mensis
1624 1161 1701 1246 Iulij
1722 1165 1821 1228 Anno
1845 1161 1972 1230 domini

618 1261 798 1330 millesimo
813 1263 1093 1350 Quingentesimo
1109 1264 1254 1350 septimo
1278 1267 1401 1334 Coram
1416 1266 1669 1334 honorabilibus
1687 1275 1720 1334 et
1738 1266 1878 1334 famosis
1892 1266 1973 1334 vin's

616 1368 751 1434 Andrea
780 1369 893 1436 cullen
924 1369 1093 1455 preposito
1120 1370 1251 1436 roberto
1282 1370 1341 1436 hill
1373 1369 1535 1454 magistro
1564 1370 1687 1454 gavino
1712 1371 1807 1436 leslie
1836 1371 1972 1438 domino

618 1470 770 1538 Iohanne
793 1471 864 1540 reid
889 1473 1042 1540 Iohanne
1064 1473 1188 1540 litistar
1210 1483 1243 1540 et
1267 1473 1430 1558 magistro
1454 1475 1603 1543 Roherto
1626 1495 1766 1542 masone
1788 1475 1973 1559 capellanis

616 1574 759 1658 patricio
781 1578 974 1644 Adameone
998 1578 1150 1646 Iohanne
1173 1577 1420 1664 glassinwricht
1444 1579 1666 1664 burgensibus
1680 1582 1817 1648 Andrea
1831 1579 1970 1665 nauchtj

616 1688 650 1746 et
682 1681 834 1748 Iohanne
861 1683 936 1750 Cuk
962 1682 1156 1768 sergeandis
1181 1685 1230 1750 Ac
1256 1683 1405 1752 Domino
1433 1683 1585 1752 Iohanne
1615 1683 1800 1770 Stirueling
1830 1683 1972 1750 Notario

617 1785 756 1854 Publico
772 1797 826 1854 etc
885 1827 889 1834 ·

1230 1957 1356 2023 CXIV.

616 2075 715 2142 Carta
729 2083 861 2162 quatuor
876 2077 1056 2144 Solidorum
1068 2079 1103 2144 de
1115 2085 1197 2144 terra
1211 2079 1364 2145 Willelmi
1375 2077 1531 2166 gareauclt
1543 2079 1664 2144 lacento
1679 2078 1714 2142 in
1729 2076 1795 2142 vico
1803 2076 1972 2162 furcarum

746 2187 789 2244 elo
812 2180 887 2246 dates
902 2189 961 2268 per
981 2183 1136 2248 robertum
1159 2183 1294 2250 blinseill
1315 2183 1358 2248 ad
1379 2183 1478 2250 altare
1499 2182 1598 2268 samlj'
1617 2181 1759 2248 Ninimti
1780 2181 1869 2268 infra
1881 2182 1970 2248 eccle·

743 2285 825 2350 siam
834 2287 1058 2374 parrochialem
1073 2287 1109 2354 de
1123 2288 1267 2354 Abirden

711 2425 898 2494 MNIBUS
925 2427 1013 2494 hanc
1040 2429 1179 2496 Castam
1205 2427 1327 2494 visuris
1353 2426 1406 2493 vel
1433 2425 1598 2494 audituris
1625 2427 1794 2494 Robertus
1824 2423 1969 2492 blinseill

724 2533 726 2538 '
752 2527 927 2612 burgensis
950 2528 1046 2614 burgi
1068 2531 1109 2596 de
1132 2529 1299 2596 Abirdene
1322 2530 1486 2596 Etemam
1508 2528 1543 2594 in
1565 2527 1703 2594 domino
1726 2527 1880 2594 Salutem
1902 2528 1970 2594 No-

613 2631 730 2698 uen'tis
746 2653 801 2698 me
815 2633 850 2698 in
865 2633 1027 2700 honorem
1040 2634 1094 2702 dei
1106 2633 1348 2719 omnipotentis
1362 2633 1506 2718 gloriose
1517 2633 1656 2718 virginis
1672 2632 1777 2700 marie
1793 2633 1969 2699 beatorum

482 2807 485 2814 ,
613 2737 792 2822 Laurencij
809 2747 844 2804 et
861 2737 998 2822 Ninianj
1016 2748 1050 2805 et
1065 2738 1427 2807 omniumsanctorum
1448 2759 1508 2822 pro
1530 2737 1641 2806 salute
1663 2736 1776 2804 anime
1798 2737 1969 2820 quondam

612 2838 739 2923 henricj
757 2839 859 2906 leithe
875 2840 1066 2908 animarum
1082 2850 1261 2926 parentum
1284 2861 1421 2908 suorum
1444 2849 1609 2909 eteorum
1633 2839 1668 2906 in
1691 2860 1754 2906 sua
1767 2837 1969 2904 fundacione

611 2951 847 3009 contentorum
863 2943 995 3010 dedisse
1010 2942 1220 3010 concessisse
1242 2953 1276 3009 et
1299 2943 1363 3010 hec
1384 2941 1532 3028 presenti
1548 2951 1643 3010 carta
1658 2961 1735 3008 mea
1749 2940 1970 3008 confirmasse

611 3043 749 3112 domino
766 3045 910 3130 Iohannj
928 3045 1031 3114 leithe
1047 3047 1233 3132 Capeliano
1248 3057 1409 3132 perpetuo
1431 3046 1521 3114 dicte
1543 3045 1731 3130 capellanie
1753 3043 1840 3111 inira
1862 3044 1968 3112 eccle·

612 3149 698 3216 siam
729 3149 971 3234 perrochialem
1009 3151 1098 3236 beatj
1131 3150 1290 3236 nicholaij
1321 3153 1363 3218 de
1393 3149 1552 3218 abirdene
1581 3150 1624 3216 ad
1654 3149 1762 3216 altare
1791 3150 1968 3216 hestorum

613 3254 787 3339 Laurentii
812 3265 845 3322 et
869 3254 996 3340 ninianj
1021 3255 1198 3324 fundatum
1221 3277 1325 3322 vnum
1349 3275 1499 3322 annuum
1522 3252 1690 3320 redditum
1709 3261 1853 3338 quatuor
1868 3251 1968 3320 solid·

612 3381 708 3429 orum
723 3361 851 3428 vsualis
866 3371 1001 3428 monete
1016 3361 1126 3430 scocie
1148 3361 1324 3430 annuatim
1340 3361 1522 3428 leuandum
1539 3361 1580 3426 de
1595 3368 1668 3426 tota
1683 3367 1716 3424 et
1732 3356 1863 3440 integra
1877 3365 1968 3422 terra

613 3464 778 3532 Willelmi
799 3467 968 3551 gareauch
992 3469 1128 3534 Iacente
1144 3467 1178 3534 in
1194 3465 1268 3532 vico
1283 3467 1453 3534 furcarum
1470 3487 1511 3532 err
1528 3463 1683 3532 orientali
1702 3473 1798 3547 parte
1815 3461 1966 3528 eiusdem

612 3567 677 3652 vioj
694 3568 783 3636 inter
797 3579 923 3636 terram
940 3569 1103 3640 Iohannis
1127 3573 1360 3638 Duneansoun
1381 3591 1424 3636 ex
1446 3567 1588 3636 australi
1603 3577 1636 3634 et
1652 3576 1776 3634 terram
1794 3565 1966 3649 quondam

613 3673 777 3740 Iohannis
807 3675 1008 3742 mathenoun
1039 3699 1080 3744 ex
1109 3676 1234 3744 boreali
1262 3678 1326 3744 Pro
1356 3675 1507 3761 plenaria
1536 3671 1708 3740 solucione
1733 3669 1833 3738 vnius
1861 3668 1965 3753 annui

611 3778 762 3846 redditus
779 3789 923 3863 quatuor
942 3781 1123 3850 solidorum
1148 3782 1237 3852 dicte
1260 3781 1448 3866 capellanie
1468 3778 1572 3848 debiti
1590 3788 1628 3846 ut
1643 3777 1806 3844 asseritur
1821 3777 1863 3842 de
1877 3785 1968 3842 terra

612 3899 688 3950 mea
710 3881 745 3948 in
768 3883 842 3951 vico
865 3884 1034 3954 furcarum
1057 3907 1099 3954 ex
1124 3886 1325 3957 occidentali
1349 3895 1445 3970 parte
1468 3885 1618 3952 eiusdem
1639 3881 1704 3950 vici
1730 3881 1818 3948 inter
1840 3891 1967 3948 terram

611 3987 782 4057 alemus·
798 3989 876 4074 logy
887 4011 928 4058 ex
943 3991 1068 4060 boreali
1083 4002 1117 4060 et
1131 4013 1331 4062 wcommunes
1341 3991 1415 4060 vias
1429 3990 1541 4076 regias
1550 4009 1669 4056 versus
1686 3997 1838 4055 austrum
1854 3983 1967 4053 oriens

611 4101 645 4160 et
668 4091 826 4162 occidens
849 4095 1128 4166 TENENDUM
1152 4109 1187 4164 et
1209 4098 1401 4166 habendum
1426 4105 1535 4164 totum
1562 4104 1596 4162 et
1622 4094 1791 4180 integrum
1814 4111 1965 4159 annuum

611 4197 778 4267 redditum
803 4201 1012 4270 antedictum
1038 4225 1117 4272 cum
1144 4203 1215 4272 suis
1238 4201 1455 4289 pertinenciis
1479 4202 1608 4288 prelato
1631 4199 1808 4284 capellano
1834 4207 1868 4264 et
1894 4195 1966 4264 suis

612 4301 870 4370 Successoribus
899 4306 1083 4390 capellanis
1108 4305 1199 4374 dicte
1222 4305 1407 4391 capellanie
1434 4327 1454 4372 a
1480 4313 1591 4372 meet
1618 4301 1796 4370 heredibus
1819 4299 1904 4368 meis
1929 4299 1965 4366 in

610 4425 729 4488 puram
759 4417 793 4473 et
823 4419 1020 4493 perpetuam
1049 4409 1262 4478 elimosinam
1290 4413 1543 4496 imperpetuum
1574 4409 1677 4478 CUM
1704 4405 1798 4474 omni
1828 4406 1905 4472 Iure
1931 4413 1965 4472 et

612 4509 701 4576 Iuris
715 4511 846 4580 clameo
868 4535 908 4580 ac
924 4535 1002 4582 cum
1025 4515 1182 4584 omnibus
1204 4515 1280 4584 aliis
1295 4526 1329 4582 et
1352 4514 1495 4600 singulis
1513 4511 1726 4582 libertatibus
1745 4509 1964 4578 commodita-

609 4611 701 4683 tibus
727 4623 761 4682 et
787 4615 986 4686 asiamentis
1008 4639 1049 4688 ac
1070 4617 1170 4688 iustis
1195 4619 1266 4686 suis
1288 4617 1506 4703 pertinenciis
1527 4617 1784 4702 quibuscunque
1804 4615 1863 4682 Ac
1891 4613 1964 4680 CA·
