4460 5984
687 663 749 731 185
1157 659 1258 728 Carta
1280 657 1433 728 Nieholai
1455 659 1582 726 baasae

564 927 566 932 ,
685 857 803 904 carum
824 833 858 902 in
874 843 948 902 toto
960 833 1016 902 vel
1039 832 1074 902 in
1097 842 1194 919 parte
1215 835 1256 900 de
1276 831 1377 901 dictis
1396 831 1497 900 terris
1517 831 1621 918 leuarj
1644 855 1712 900 non
1728 833 1852 918 poterit
1874 832 2050 900 annuatim

686 937 776 1005 Volo
790 945 824 1004 et
845 958 905 1023 pro
925 958 979 1004 me
999 945 1034 1004 et
1054 935 1233 1013 heredibus
1254 935 1339 1002 meis
1359 935 1508 1002 concedo
1523 937 1613 1021 quod
1635 936 1731 1004 Idem
1747 956 1882 1004 annuus
1900 935 2053 1004 redditus

687 1043 729 1108 de
759 1039 866 1115 firmis
895 1039 1048 1106 omnium
1079 1038 1260 1105 croltorum
1292 1059 1444 1105 meorum
1471 1039 1513 1106 de
1539 1038 1685 1106 Abirden
1716 1037 1859 1125 singulis
1888 1039 1988 1106 annis
2016 1049 2051 1108 et

687 1145 827 1214 statutis
841 1143 996 1212 terminis
1011 1144 1144 1212 leuetur
1158 1153 1195 1210 et»
1208 1143 1413 1230 percipiatur
1429 1145 1529 1212 modo
1544 1152 1579 1210 et
1596 1144 1705 1212 forma
1721 1143 1843 1230 quibus
1858 1155 1960 1230 supra
1975 1146 2052 1214 volo

688 1245 792 1315 etiam
814 1256 848 1312 et
863 1245 981 1313 ordino
996 1267 1056 1331 pro
1072 1255 1234 1331 perpetuo
1254 1245 1431 1330 capellano
1451 1245 1601 1331 predicto
1621 1247 1678 1332 quj
1700 1268 1761 1334 pro
1780 1257 1932 1334 tempore
1952 1247 2052 1316 luerit

689 1351 733 1418 ad
749 1350 971 1434 quodcunque
990 1347 1082 1416 aliud
1100 1347 1301 1416 beneficium
1324 1357 1479 1433 promoto
1494 1349 1595 1416 liceat
1611 1349 1695 1416 mihi
1710 1358 1744 1416 et
1767 1350 1947 1418 heredibus
1967 1350 2053 1418 meis

691 1453 853 1522 masculis
868 1452 973 1521 alium
989 1451 1204 1536 capellanum
1216 1452 1384 1538 ydoneum
1400 1453 1443 1520 ad
1455 1451 1597 1519 eandem
1614 1451 1839 1538 capellaniam
1854 1463 2053 1540 perpetuam

690 1563 885 1642 presentare
902 1555 948 1620 Et
972 1553 1000 1620 si
1016 1575 1076 1641 per
1091 1552 1303 1620 dimisionem
1319 1553 1372 1620 vel
1388 1563 1532 1622 mortem
1553 1554 1704 1641 perpetuj
1728 1555 1896 1642 capellanj
1914 1557 1970 1642 quj
1992 1579 2054 1644 pro

691 1667 843 1744 tempore
857 1656 957 1724 hierit
973 1656 1158 1724 addictam
1175 1655 1399 1742 capellaniam
1416 1655 1464 1724 sic
1476 1666 1656 1724 vacantem
1668 1677 1728 1743 per
1743 1657 1809 1744 mej
1821 1659 1875 1726 vel
1891 1658 2054 1728 heredum

691 1782 844 1829 meorum
857 1759 1086 1827 masculorum
1096 1758 1338 1845 negligentiam
1349 1758 1437 1826 alius
1446 1759 1643 1845 capellanus
1652 1761 1804 1847 ydoneus
1812 1761 1899 1829 infra
1911 1765 2055 1848 quadra·

692 1863 787 1951 ginta
813 1862 885 1930 dies
910 1871 992 1928 tunc
1020 1861 1222 1928 Immediatc
1249 1869 1430 1946 sequentes
1453 1882 1521 1928 non
1543 1861 1643 1929 fuerit
1669 1872 1885 1949 presentatus
1908 1865 1996 1932 Volo
2019 1875 2055 1932 et

692 1968 841 2035 concedo
857 1987 917 2052 pro
933 1985 988 2031 me
1002 1973 1037 2032 et
1055 1964 1234 2032 heredibus
1254 1961 1340 2030 meis
1360 1965 1449 2050 quod
1469 1963 1660 2050 prepositus
1675 1974 1709 2032 et
1724 1965 1952 2035 communitas
1972 1967 2055 2036 dicti

692 2069 789 2154 burgi
819 2069 861 2136 de
891 2067 1049 2135 abirdene
1080 2065 1145 2133 Illa
1173 2064 1247 2132 vice
1277 2065 1380 2134 libere
1415 2066 1593 2153 disponere
1625 2067 1762 2136 valeant
1791 2069 1833 2136 de
1866 2070 2056 2158 capellania

693 2169 890 2257 supradicta
916 2169 1073 2236 Preterea
1096 2167 1125 2234 si
1147 2167 1322 2254 contingat
1350 2169 1439 2254 quod
1465 2168 1553 2236 absit
1575 2177 1611 2236 vt
1635 2171 1677 2237 de
1699 2191 1837 2258 corpore
1863 2194 1940 2240 meo
1966 2177 2057 2259 quod

693 2274 835 2341 heredes
857 2270 1000 2357 masculj
1025 2291 1092 2338 non
1115 2273 1299 2358 procedant
1315 2271 1402 2338 Volo
1421 2281 1456 2338 et
1477 2273 1625 2340 concedo
1645 2275 1734 2358 quod
1758 2276 1818 2342 Ius
1837 2279 2054 2365 presentandj

693 2377 738 2444 ad
758 2375 943 2461 predictam
964 2371 1190 2458 capellaniam
1211 2373 1254 2440 ad
1274 2372 1482 2458 prepositum
1503 2381 1537 2440 et
1556 2375 1836 2444 communitatem
1857 2377 1939 2447 dicti
1959 2380 2057 2468 burgi

694 2478 897 2546 deuoluatur
910 2485 1072 2562 perpetuo
1094 2477 1237 2561 Insuper
1255 2475 1332 2542 volo
1353 2485 1387 2542 et
1408 2476 1552 2544 decerno
1567 2498 1628 2563 pro
1645 2499 1700 2545 me
1717 2489 1751 2546 et
1772 2481 1951 2550 heredibus
1966 2487 2057 2570 quod

695 2581 807 2650 dictus
837 2579 1045 2664 Capellanus
1073 2576 1163 2646 dicte
1193 2577 1381 2666 capellanie
1414 2577 1546 2646 intersit
1576 2579 1669 2648 horis
1698 2583 1871 2651 canonicis
1900 2585 1935 2652 in
1965 2587 2058 2657 dicta

695 2683 839 2752 ecclesia
859 2681 1012 2749 celibran'
1032 2679 1204 2748 consuetis
1225 2681 1272 2746 Et
1287 2700 1350 2765 ego
1364 2702 1443 2748 vero
1459 2683 1630 2767 predictus
1650 2683 1808 2754 henricus
1827 2687 1968 2758 heredes
1988 2692 2055 2778 mej

695 2796 730 2855 et
746 2785 811 2872 mej
830 2783 993 2870 assignatj
1013 2783 1202 2869 predictam
1218 2803 1369 2850 annuum
1385 2783 1553 2851 redditum
1568 2786 1685 2852 decem
1701 2799 1890 2858 mercarum
1906 2793 2057 2876 predicto

695 2889 872 2976 capellano
898 2895 1060 2973 perpetuo
1084 2885 1140 2972 quj
1164 2906 1225 2971 pro
1251 2895 1402 2972 tempore
1427 2886 1526 2954 luerit
1550 2889 1707 2958 modoet
1732 2891 1840 2960 forma
1862 2895 2058 2984 prescriptis

695 3001 814 3061 contra
834 3009 953 3057 ornnes
973 2987 1135 3055 mortales
1153 2987 1440 3055 vorantiaabimus
1462 2989 1733 3074 acquietabimus
1752 3005 1786 3062 et
1808 2995 2057 3084 imperpetuum

695 3093 914 3162 defendemus
937 3092 978 3160 ln
1001 3089 1098 3157 cuius
1121 3087 1169 3156 rei
1193 3087 1426 3156 testimonium
1453 3090 1601 3176 sigillum
1628 3115 1742 3164 meum
1766 3099 1979 3183 presentibus
2004 3113 2057 3172 est

694 3209 884 3282 appensum
899 3213 1045 3260 unacum
1066 3189 1177 3277 sigillo
1192 3191 1365 3276 reuerendj
1387 3190 1423 3258 in
1443 3191 1571 3261 christo
1591 3196 1698 3282 patn‘s
1717 3219 1758 3265 ac
1779 3200 1906 3288 dominj
1928 3205 2055 3293 dominj

695 3297 823 3384 henricj
848 3295 997 3384 episcopi
1013 3295 1255 3364 Abirdonensis
1277 3303 1311 3362 et
1334 3296 1591 3364 communitatis
1611 3299 1692 3368 dicti
1716 3303 1811 3390 burgi
1834 3307 1876 3373 de
1898 3307 2058 3379 abirdene

695 3405 841 3474 testibus
866 3401 1018 3488 predicto
1043 3402 1228 3469 reuerendo
1257 3401 1292 3468 in
1318 3400 1445 3469 christo
1475 3413 1570 3488 patre
1600 3425 1640 3472 ac
1670 3407 1821 3476 domino·
1838 3411 1975 3482 henrico
1995 3417 2059 3496 dei

696 3509 807 3598 gratia
837 3507 1009 3594 Episcopo
1038 3505 1253 3573 abirdenensi
1282 3505 1419 3574 domino
1445 3507 1626 3576 alexandro
1650 3510 1763 3580 sorbes
1788 3515 1895 3584 milite
1922 3519 2060 3589 domino

697 3613 848 3682 eiusdem
869 3611 1021 3680 Iohanne
1039 3609 1190 3696 scroggis
1207 3619 1289 3678 tunc
1307 3610 1477 3698 preposito
1495 3611 1576 3680 dicti
1596 3615 1692 3702 burgi
1708 3619 1749 3685 de
1767 3619 1905 3690 abirden
1923 3624 2060 3696 Thema

698 3719 740 3784 de
764 3737 899 3783 camera
925 3715 1077 3781 Iohanne
1099 3735 1193 3781 waus
1215 3715 1357 3800 gilberto
1383 3737 1520 3784 menzes
1542 3720 1709 3804 stephano
1735 3725 1900 3796 Iohannis
1923 3729 2059 3802 Thoma

699 3821 899 3890 blindschell
915 3819 1138 3906 burgensibus
1152 3819 1235 3886 dicti
1258 3819 1353 3906 burgi
1374 3821 1556 3889 alexandro
1576 3825 1617 3890 de
1638 3847 1774 3896 camera
1793 3833 1933 3902 mathea
1946 3837 2060 3906 lechat

699 3936 781 3994 tunc
804 3924 941 3994 balliuis
965 3925 1115 3992 villelmo
1137 3923 1336 3992 aikinsoune
1362 3927 1544 3994 malcolmo
1567 3929 1694 3998 sissour
1712 3941 1795 4002 tunc
1821 3938 1961 4008 bedellis
1981 3964 2060 4012 cum

701 4029 818 4098 multis
833 4029 911 4116 alijs
924 4029 964 4096 In
980 4049 1070 4096 anno
1085 4027 1211 4114 dominj
1229 4051 1344 4096 mcccc
1358 4031 1616 4118 quadragesimo
1631 4045 1752 4120 quarto
1766 4039 1820 4108 die
1835 4045 1963 4114 mensis
1978 4047 2060 4135 maij

745 4259 770 4354 Ἠ
832 4237 908 4302 Hec
927 4243 978 4302 est
995 4256 1075 4302 vera
1094 4235 1191 4321 copia
1209 4243 1302 4302 carte
1320 4234 1516 4322 principalis
1533 4237 1745 4312 fundacionis
1764 4247 1987 4318 collacionata
2001 4273 2063 4338 per

745 4339 811 4515 ’ἔξ
832 4361 885 4406 me
900 4337 1069 4406 notarium
1085 4337 1257 4424 publicum
1270 4339 1497 4426 subscriptum

898 4445 954 4512 Ita
969 4455 1021 4512 est
1038 4445 1209 4512 Iohannes
1226 4445 1389 4534 Kennedy
1403 4445 1556 4516 notarius
1570 4449 1725 4536 publicus
1740 4473 1844 4524 manu
1859 4461 1993 4546 propria

785 4293 810 4338 0
