4460 5984
364 905 451 958 iechat

367 1575 461 1628 Obitus
473 1576 545 1628 Wal-

366 1641 414 1693 teri
426 1641 548 1695 thomaon

365 2203 459 2256 Obitu·

365 2270 466 2337 anguaij
479 2268 566 2320 adam·

366 2350 429 2388 cone

365 2843 408 2896 rot.
423 2841 474 2896 80²

366 2983 459 3036 Obitus
470 2983 533 3036 dun·

365 3051 423 3117 canj
435 3049 488 3103 clat

365 3563 555 3618 obttuatbome

364 3629 468 3682 blinaell

593 657 655 722 216
941 653 1072 720 Renuze
1094 653 1233 720 obitam
1254 659 1284 720 el
1303 653 1606 722 Amtmrsariorum

367 839 461 892 Obitu·
472 840 570 894 mauu
679 827 802 897 Obitus
817 829 987 914 quondam
1012 825 1143 896 Mathei
1158 827 1271 896 fechat
1295 827 1438 896 infesto
1462 829 1654 915 Epiphanie
1671 833 1769 900 Anno
1794 833 1950 930 domini*

524 991 526 996 .
592 933 772 1002 millesimo
799 932 1131 1018 quadringentesimo
1157 933 1388 1018 octuagesimo
1418 935 1523 1002 tercio
1550 935 1655 1004 Cuius
1682 937 1950 1005 anniuersarium

590 1039 806 1107 celebrabunt
823 1037 1043 1105 indominica
1066 1037 1219 1123 sequenti
1243 1047 1422 1104 cantantes
1436 1061 1539 1106 vnam
1558 1041 1699 1108 missam
1715 1043 1854 1108 denota
1872 1065 1949 1108 cum

589 1144 753 1230 trigintali
777 1143 930 1228 sequenti
954 1144 1001 1208 Et
1024 1142 1115 1210 aliud
1138 1143 1310 1228 trigintale
1333 1143 1550 1212 celebrabunt
1571 1145 1605 1212 in
1627 1147 1714 1212 festo
1736 1157 1951 1232 pentecostes

590 1251 632 1316 ad
649 1250 755 1316 altare
772 1249 888 1316 Sancti
905 1247 1082 1316 michaelis
1097 1269 1157 1334 pro
1173 1270 1238 1334 quo
1263 1249 1483 1316 Inleodantur
1497 1250 1532 1316 in
1547 1251 1666 1338 viginti
1683 1273 1699 1318 s
1715 1251 1892 1320 annuatim
1908 1253 1949 1320 de

590 1364 679 1422 terra
696 1353 813 1423 boriali
831 1353 994 1421 Iohannis
1009 1353 1133 1420 knollis
1149 1355 1287 1421 Iacente
1302 1353 1337 1421 in
1353 1355 1384 1422 le
1399 1365 1548 1442 gastraw

677 1565 800 1633 Obitus
831 1567 1000 1650 quondam
1031 1563 1176 1632 Walteri
1206 1565 1366 1632 thomson
1396 1565 1431 1632 in
1460 1567 1547 1634 iesto
1578 1565 1822 1653 purificationis
1852 1567 1950 1634 beate

590 1671 695 1739 marie
717 1671 856 1756 virginis
883 1670 989 1740 Cuius
1016 1670 1283 1738 anniuersarium
1307 1671 1524 1739 celebrabunt
1547 1671 1582 1738 in
1605 1672 1757 1758 proxima
1779 1672 1949 1739 dominica

590 1776 744 1862 sequenti
762 1796 866 1842 vnum
889 1775 1061 1860 trigintale
1083 1777 1127 1842 ad
1150 1775 1257 1843 altare
1280 1777 1397 1844 Sancti
1422 1777 1536 1844 Iacobi
1560 1799 1708 1863 proquo
1731 1778 1950 1844 Infeodantur

589 1881 623 1947 in
651 1881 759 1948 decim
787 1903 804 1947 s
829 1883 871 1948 de
897 1889 987 1948 terra
1018 1883 1187 1966 quondam
1220 1881 1384 1948 Iohannis
1413 1882 1633 1950 huchonsone
1663 1883 1831 1952 carnificis
1856 1883 1892 1950 in
1918 1883 1949 1950 le

588 1986 799 2054 huksterraw

676 2197 799 2266 Obitus
822 2199 991 2284 quondam
1015 2197 1147 2284 angusij
1169 2199 1353 2266 adamsone
1377 2219 1466 2266 anno
1488 2197 1616 2266 domini
1639 2197 1819 2266 millesimo
1846 2201 1949 2284 quad-

589 2301 830 2387 ringentesimo
857 2302 1115 2388 quadragesimo
1146 2303 1192 2370 Et
1223 2302 1304 2370 dicti
1331 2303 1496 2388 capellani
1525 2303 1741 2370 celebrabunt
1771 2303 1948 2370 annuatim

588 2429 692 2473 vnum
708 2407 880 2492 trigintale
896 2409 939 2474 ad
953 2407 1078 2474 festum
1095 2407 1288 2493 Epiphania
1310 2417 1344 2474 et
1367 2408 1468 2474 Aliud
1491 2407 1663 2493 trigintale
1679 2407 1814 2474 infesto
1831 2407 1948 2474 Sancti

589 2512 752 2580 Iohannis
768 2511 916 2598 baptiste
931 2513 1052 2597 quibus
1063 2513 1259 2598 capellanus
1270 2513 1389 2580 altaris
1401 2513 1519 2580 Sancti
1531 2511 1708 2580 michaelis
1719 2515 1762 2580 ad
1778 2535 1947 2580 summam

586 2639 629 2684 xx
645 2640 662 2683 s
677 2617 891 2704 respondebit
907 2618 1083 2686 annuatim

677 2829 800 2897 Obitus
816 2831 985 2914 quondam
1002 2829 1148 2915 duncanj
1166 2829 1234 2898 clat
1250 2829 1284 2897 in
1300 2827 1470 2898 dominica
1486 2827 1520 2896 in
1535 2827 1693 2918 passione
1714 2847 1804 2896 anno
1820 2825 1948 2896 domini

590 2934 770 3004 millesimo
791 2935 1124 3022 quadringentesimo
1144 2935 1424 3022 quinquagesimo
1440 2935 1558 3022 quinto
1575 2936 1680 3006 Cuius
1696 2933 1948 3006 anniuersarius

589 3041 766 3108 annuatim
796 3041 1085 3109 celebrabitur..
1111 3091 1119 3108 .
1143 3063 1221 3110 cum
1248 3039 1354 3110 missa
1379 3043 1421 3111 de
1447 3049 1529 3109 nota
1555 3049 1693 3110 cantata
1719 3047 1753 3108 et
1782 3037 1947 3124 trigintali

589 3145 771 3212 missarum
790 3167 850 3232 per
872 3145 1078 3216 ebdomitam
1099 3155 1296 3232 sequentem
1311 3155 1348 3215 vt
1364 3144 1468 3216 moris
1483 3155 1535 3214 est
1554 3165 1614 3232 pro
1636 3165 1703 3231 quo
1728 3143 1949 3212 Infeodantur

589 3250 754 3336 capellanj
772 3249 807 3318 in
825 3250 998 3319 trisdecim
1021 3251 1138 3320 solidis
1153 3261 1187 3319 et
1203 3261 1348 3338 quatuor
1362 3253 1383 3320 d
1398 3251 1576 3321 annuatim
1599 3253 1641 3319 de
1663 3259 1754 3318 terra
1776 3249 1947 3336 quondam

588 3355 695 3442 ipsius
711 3357 855 3443 duncanj
873 3357 908 3422 in
923 3357 998 3426 vico
1013 3357 1176 3444 superiori
1192 3357 1333 3427 ecclesie
1347 3367 1384 3426 vt
1399 3355 1592 3444 responsuri
1609 3355 1677 3424 sint
1758 3420 1763 3434 ,

676 3563 800 3632 Obitus
815 3566 985 3651 quondam
1003 3565 1120 3635 thome
1138 3565 1279 3638 blinsele
1302 3565 1472 3635 dominica
1487 3563 1522 3632 in
1538 3564 1695 3652 passione
1714 3585 1804 3633 anno
1819 3561 1948 3632 domini

589 3666 770 3736 millesimo
791 3669 1123 3756 quadringentesimo
1146 3669 1425 3756 quinquagesimo
1441 3669 1559 3756 quinto
1574 3668 1681 3740 Cuius
1696 3667 1948 3736 anniuersarius

589 3771 766 3840 annuatim
782 3773 1006 3842 celebrabitur
1028 3777 1072 3844 ad
1095 3777 1201 3844 altare
1220 3775 1338 3844 Sancti
1353 3777 1440 3864 petri
1456 3777 1547 3844 dicta
1562 3773 1732 3844 dominica
1747 3795 1824 3842 cum
1842 3773 1947 3842 missa

588 3878 630 3946 de
653 3887 735 3944 nota
758 3887 897 3946 cantata
919 3889 953 3946 et
976 3879 1140 3966 trigintali
1163 3880 1344 3948 missarum
1367 3881 1402 3948 in
1425 3879 1596 3950 ebdomita
1614 3879 1768 3966 sequenti
1785 3887 1822 3946 vt
1843 3877 1948 3944 moris

588 3991 640 4050 est
656 4003 716 4068 pro
732 4004 798 4067 quo
815 3982 982 4070 capellani
1005 3984 1136 4070 collegij
1154 3983 1369 4054 infeodantur
1382 3984 1417 4052 in
1432 3984 1604 4052 trisdecim
1621 3983 1739 4050 solidis
1753 3991 1787 4050 et
1803 3991 1948 4068 quatuor

588 4088 610 4154 d
625 4087 802 4154 annuatim
818 4089 859 4154 de
875 4098 967 4158 terra
978 4091 1148 4174 quondam
1160 4087 1327 4158 Willelmi
1342 4091 1489 4160 adesone
1505 4089 1644 4158 Iacente
1659 4087 1694 4154 in
1710 4087 1777 4156 fine
1792 4086 1947 4154 orientali

587 4191 653 4260 vici
669 4191 771 4261 castri
787 4203 823 4260 vt
841 4195 1068 4279 respondeant

676 4383 690 4410 ·
708 4383 739 4432 n
751 4381 867 4449 mugire
878 4381 1002 4450 scriptum
1013 4383 1272 4438 est-“nouuctum
1285 4383 1457 4452 areunae]
1470 4383 1548 4438 nmo
1558 4382 1655 4450 comui
1668 4380 1808 4458 malcaim
1822 4380 1947 4448 quingen-

587 4463 680 4516 tesimo
695 4465 773 4532 xxxiij
786 4465 813 4516 in
825 4465 930 4518 modum
947 4467 1109 4534 probacionis
1125 4477 1152 4520 et
1168 4477 1345 4536 recuperatum
1358 4484 1374 4522 a
1385 4467 1487 4534 scriptis
1503 4468 1602 4536 dominj
1615 4465 1740 4520 Iohannis
1757 4463 1892 4530 stimeling
1902 4479 1947 4530 per

489 4581 491 4586 -
587 4545 743 4613 magistrum·
761 4546 879 4600 thomam
901 4549 1005 4601 annand
1024 4558 1050 4602 et
1070 4550 1236 4604 alexandrum
1259 4567 1364 4604 menses
1387 4553 1488 4605 luratos
1508 4551 1600 4608 mediis
1622 4547 1769 4603 eorumdem
1794 4545 1947 4598 iuramentis

585 4629 730 4682 mebosoun
742 4629 860 4684 scriba’t
