4490 5990
497 694 632 760 Renlale'
649 693 761 760 araas
784 695 941 760 tannen
962 693 1115 762 lamnteii
1135 701 1164 760 et
1184 695 1327 762 Niniani
1557 716 1598 784 73

886 991 962 1056 XL.

236 1147 366 1212 Rentale
395 1147 439 1212 ad
466 1145 628 1214 anundum
651 1153 818 1234 peramat
843 1149 952 1214 uinum
977 1169 1077 1214 rennes
1100 1149 1266 1215 annrratim
1289 1149 1536 1248 distribuendum
1559 1151 1596 1218 dr

321 1253 372 1320 dia
401 1253 437 1320 in
462 1253 545 1320 diem
574 1251 708 1340 singulis
736 1253 903 1340 capellanis
932 1253 968 1319 in
996 1253 1122 1320 walaia
1148 1252 1327 1340 parochiali
1353 1251 1434 1320 baali
1458 1253 1597 1320 nicholai

321 1358 517 1426 celebraturis
534 1365 593 1446 pro
613 1359 1045 1426 consenescamus·

286 1517 317 1584 N
335 1516 453 1602 primis
466 1537 571 1585 vnum
595 1539 746 1585 annuum
762 1517 929 1586 redditum
953 1517 1014 1586 ixs
1028 1519 1070 1586 de
1085 1529 1175 1586 terra
1197 1517 1314 1586 thome
1329 1517 1440 1586 litster
1456 1519 1593 1586 Iacente

329 1621 417 1689 inter
437 1631 562 1690 terram
579 1625 652 1690 Ade
675 1622 786 1690 litster
800 1645 841 1690 ex
864 1631 959 1709 parte
982 1621 1099 1691 boriali
1114 1633 1149 1690 et
1164 1631 1288 1692 terram
1309 1622 1426 1691 thome
1446 1623 1536 1690 traill
1552 1643 1593 1690 ex
1614 1637 1659 1690 tor.
1671 1639 1720 1691 2⁹²

235 1735 331 1812 parte
346 1726 486 1794 australi
498 1727 533 1793 in
544 1726 619 1794 vico
635 1727 805 1812 superiore
817 1727 958 1795 ecclesie
974 1727 1021 1795 Et
1031 1749 1136 1795 vnum
1152 1749 1302 1796 annuum
1314 1727 1483 1796 redditum
1499 1749 1593 1794 xxxs
1733 1726 1740 1738 '

236 1835 381 1900 deterre
396 1835 520 1900 andree
534 1833 716 1900 ranisoune
733 1835 870 1900 Iacente
886 1833 920 1899 in
937 1835 1055 1900 eodem
1070 1833 1146 1901 vico
1161 1841 1255 1901 extra
1269 1842 1402 1919 portam
1419 1853 1460 1900 ex
1475 1831 1593 1901 boriali

235 1947 331 2023 parte
361 1937 450 2004 inter
478 1947 602 2006 terram
630 1935 746 2006 thome
773 1940 939 2008 maldrum
966 1947 999 2006 et
1026 1939 1150 2006 andree
1177 1939 1407 2006 michelsoune
1434 1947 1594 2026 exparte

235 2039 434 2110 occidentali
451 2053 484 2110 et
500 2063 714 2110 communem
737 2041 828 2110 viam
843 2043 970 2129 regiam
986 2063 1104 2110 versus
1118 2053 1271 2112 austrum
1294 2054 1328 2110 et
1351 2043 1463 2112 lacum
1478 2063 1596 2110 versus

235 2145 363 2214 beriam
389 2157 423 2214 et
449 2169 553 2215 vnum
583 2169 734 2216 annuum
764 2149 932 2216 redditum
962 2151 1042 2216 xxd
1069 2151 1111 2216 de
1140 2159 1230 2217 terra
1260 2151 1431 2235 quondam
1462 2149 1594 2236 angusij

234 2251 465 2337 glennysoune
477 2271 567 2319 nunc
583 2263 697 2320 autern
709 2251 875 2321 Wsslelmi
891 2273 979 2339 zong
994 2252 1082 2319 inter
1096 2261 1220 2320 terram
1237 2255 1406 2338 quondam
1424 2249 1596 2320 Edmundi

235 2355 406 2422 lawsoune
426 2377 467 2422 ex
487 2365 583 2442 parte
606 2355 724 2423 boriali
747 2365 780 2422 et
800 2365 926 2423 terram
942 2356 1075 2442 gilberti
1091 2356 1189 2424 leitht
1209 2379 1250 2424 ex
1267 2365 1363 2442 parte
1386 2355 1526 2423 australi
1550 2356 1596 2422 Et

234 2480 338 2526 vnum
352 2481 504 2528 annuum
520 2461 688 2528 redditum
704 2483 726 2528 v
738 2483 754 2528 s
768 2463 811 2540 de
827 2472 917 2530 terra
934 2461 1097 2530 Iohannis
1113 2461 1301 2529 malisoune
1318 2463 1457 2530 Iacente
1471 2461 1506 2526 in
1522 2455 1597 2527 vido

235 2563 337 2631 castri
360 2587 401 2632 ex
423 2575 519 2651 parte
542 2565 719 2634 borientali
743 2567 894 2634 eiusdem
910 2565 974 2653 vicj
997 2567 1085 2634 inter
1107 2575 1214 2634 terras
1236 2567 1406 2652 quondam
1430 2563 1596 2633 Willelmi

235 2655 389 2736 buchane
412 2681 446 2736 et
469 2671 633 2738 Iohannis
649 2673 805 2752 Wormet
827 2693 868 2739 ex
890 2670 1045 2740 orientali
1060 2679 1094 2739 et
1109 2680 1234 2740 terram
1251 2673 1420 2758 quondam
1445 2669 1597 2738 murdaci

234 2773 535 2863 glenmalwinning
554 2799 595 2844 ex
619 2777 820 2845 occidentali
844 2787 878 2845 et
900 2777 973 2846 vias
991 2777 1102 2865 regias
1126 2798 1167 2845 ex
1192 2776 1332 2846 australi
1359 2785 1393 2844 et
1418 2773 1596 2845 borientali

235 2880 389 2966 partibus

323 2989 466 3054 Summa
481 2985 582 3054 huius
597 3009 659 3073 pro
673 3009 761 3074 pane
776 2997 810 3056 et
825 2989 904 3056 vino
920 2987 1096 3057 annuatim
1113 2997 1150 3056 ut
1166 3009 1268 3074 supra
1286 2988 1369 3054 xlvs
1386 2985 1476 3074 viijd

494 3092 586 3158 Nota
602 3094 691 3177 quod
709 3113 828 3160 omnes
850 3091 1026 3180 prescripti
1045 3093 1149 3162 annui
1169 3094 1320 3161 redditus
1335 3103 1499 3160 terrarum
1516 3101 1595 3158 sunt

407 3197 448 3263 de
462 3196 567 3264 fundo
582 3196 731 3283 ipsarum
748 3199 1008 3285 prescriptarum
1030 3208 1129 3285 prout
1152 3199 1255 3268 latius
1273 3197 1308 3266 in
1328 3197 1431 3266 cartis
1453 3199 1597 3282 desuper

407 3301 570 3368 confectis
586 3303 719 3389 plenius
734 3303 927 3372 continetur

872 3669 968 3736 XLI.

321 3818 516 3888 ENTALE
529 3841 718 3890 annuorum
731 3823 922 3892 reddituum
932 3824 1050 3894 altaris
1062 3827 1246 3892 Beatorum
1258 3821 1433 3892 Laurentii
1445 3821 1592 3894 martiris
1614 3835 1724 3887 umiae

360 3933 393 3991 et
407 3925 546 3994 Niniani
559 3927 760 3995 confessoris
772 3929 888 3997 situati
899 3931 933 3996 in
946 3930 1089 3999 ecclesia
1101 3929 1299 4016 perrochiali
1311 3929 1409 3998 Beati
1420 3927 1590 4014 Nicholaij
1613 3913 1758 4016 fflffl

232 4027 273 4094 de
293 4027 461 4096 Abirdene
484 4031 701 4101 fundatorum
726 4055 786 4120 per
809 4037 979 4120 quondam
1007 4037 1093 4104 bone
1119 4035 1280 4103 memorie
1301 4033 1525 4106 Wilhelmum
1549 4035 1591 4102 de
1613 4029 1802 4108 annuemus

232 4129 330 4200 leitht
346 4135 492 4221 primurn
504 4137 679 4206 dominum
695 4141 737 4207 de
756 4142 887 4228 Bernys
904 4145 944 4209 In
961 4141 1079 4227 primis
1094 4143 1135 4209 de
1150 4141 1256 4210 Terra
1273 4139 1436 4209 Iohannis
1450 4148 1590 4206 wormet
1612 4095 1805 4228 {liulll‘m‘fcl

233 4237 371 4306 Iacente
397 4239 431 4306 in
457 4240 532 4309 vico
554 4243 666 4310 Castri
692 4264 734 4311 ex
759 4245 899 4314 australi
926 4257 1022 4333 parte
1044 4245 1195 4314 eiusdem
1219 4245 1308 4314 inter
1328 4255 1436 4313 terras
1457 4242 1591 4311 Thome

231 4342 342 4410 Waus
364 4353 398 4412 et
421 4346 522 4415 dauid
537 4347 694 4418 Theman
710 4371 751 4418 ex
766 4351 921 4420 orientali
937 4375 978 4420 ex
993 4374 1060 4422 vna
1082 4361 1117 4420 et
1137 4361 1246 4422 terras
1269 4353 1439 4439 quondam
1462 4347 1591 4417 henrici

230 4467 311 4534 crag
347 4459 380 4516 et
418 4451 520 4520 dauid
552 4453 655 4540 iynne
696 4477 736 4522 ex
776 4455 977 4525 occidentali
1018 4457 1171 4544 partibus
1211 4459 1254 4526 ab
1291 4457 1398 4526 altera
1435 4453 1592 4540 Triginta

231 4551 357 4624 solidos
372 4557 547 4623 annuatim
571 4561 614 4625 de
628 4569 717 4628 terra
737 4569 808 4629 tam
829 4561 995 4630 anteriore
1011 4584 1113 4648 quam
1136 4561 1299 4629 Interiore
1316 4563 1440 4630 andree
1461 4557 1591 4628 anerott

232 4657 369 4728 iacente
385 4660 420 4727 in
436 4663 554 4730 eodem
569 4663 644 4733 vieo
659 4687 700 4734 ex
720 4667 838 4736 eadem
854 4677 950 4754 parte
972 4669 1123 4738 eiusdem
1139 4667 1226 4736 inter
1248 4676 1372 4736 terram
1396 4685 1486 4734 nunc
1502 4665 1610 4732 alem.

900 4775 924 4826 x
