4490 5990
651 661 833 728 -Fundaa'o
855 661 962 746 Iacobj
985 661 1128 728 Colirose
1523 683 1584 754 ¹²7

222 843 317 916 Adeo
331 839 436 908 libere
450 835 600 922 plenarie
623 833 805 902 honorifice
822 835 907 903 bene
921 845 956 902 et
971 833 1006 902 in
1023 855 1106 918 pace
1121 835 1156 902 in
1172 836 1330 906 omnibus
1345 848 1381 905 et
1394 859 1455 924 per
1469 841 1584 910 omnia

222 947 312 1017 sicut
334 943 438 1030 aliquj
464 939 568 1008 annui
590 938 741 1006 redditus
763 937 849 1004 inira
871 937 1000 1006 dictum
1023 939 1166 1024 burgum
1190 962 1250 1010 seu
1273 952 1369 1012 extra
1392 946 1585 1014 venduntur

224 1053 348 1126 dantur
370 1045 587 1134 possidentur
610 1052 669 1110 aut
696 1040 887 1110 alienantur
912 1039 986 1110 sine
1011 1045 1231 1114 reuocacione
1257 1046 1502 1116 reclamacioue
1524 1060 1584 1118 ant

224 1149 491 1226 contradictione
518 1145 656 1234 aliquali
683 1143 749 1212 mei
776 1144 937 1214 heredum
964 1145 1215 1231 assignatorum
1245 1171 1397 1219 meorum
1427 1175 1584 1239 quorum-

225 1279 358 1346 cunque
385 1257 451 1324 Pro
474 1254 595 1340 quibus
620 1250 755 1338 quidem
782 1249 906 1320 annuis
931 1251 1116 1322 redditibus
1140 1253 1222 1322 dicti
1246 1257 1394 1324 Curatns
1416 1268 1450 1330 et
1474 1263 1583 1346 capel·

224 1363 295 1436 tani
318 1371 352 1432 et
377 1380 494 1430 corum
518 1378 731 1426 successores
756 1355 933 1424 annuatim
958 1356 1212 1444 Imperpetnum
1238 1360 1455 1432 celebrabunt
1479 1385 1582 1432 vnum

225 1464 495 1540 anniuersarium
510 1461 666 1531 videlicet
684 1459 843 1546 exequias
861 1459 1094 1528 defunctorum
1113 1459 1200 1530 idest
1216 1463 1356 1548 placebo
1371 1475 1404 1534 et
1420 1467 1534 1554 derige
1549 1470 1584 1536 in

226 1573 336 1660 prima
350 1570 466 1658 vigilia
483 1565 626 1656 proximi
648 1565 725 1632 festi
748 1565 837 1634 diem
861 1565 1032 1650 sepulture
1051 1587 1126 1634 mee
1145 1565 1341 1638 immediate
1361 1583 1523 1658 sequente
1544 1595 1584 1640 ac
1606 1583 1709 1637 rotw

227 1678 368 1746 missam
383 1677 425 1744 de
440 1684 522 1742 nota
537 1671 572 1740 in
587 1673 705 1740 eodem
722 1671 828 1740 sacris
849 1693 926 1738 cum
948 1669 1062 1738 missis
1080 1669 1263 1758 trigintalis
1280 1683 1319 1742 ut
1334 1675 1438 1744 moris
1458 1688 1510 1745 est
1525 1700 1585 1764 per

226 1781 449 1851 ebdomadam
472 1786 669 1864 sequentem
692 1798 752 1862 pro
775 1775 885 1844 salute
907 1775 1096 1844 animarum
1120 1777 1346 1862 predictarum
1367 1779 1585 1870 omniumque

227 1888 376 1958 fidelium
399 1886 633 1954 defunctorum
654 1891 687 1950 et
708 1903 768 1970 pro
792 1881 877 1950 meis
899 1879 1147 1952 intencionibus
1165 1883 1420 1973 quibuscunque
1443 1887 1587 1974 Insuper

228 1993 387 2062 collector
401 1989 567 2060 dictomm
584 1987 836 2075 capellanorum
855 1985 911 2072 qni
930 2008 990 2072 pro
1012 1997 1164 2073 tempore
1184 1988 1284 2057 luerit
1306 2012 1485 2077 preconem
1508 2015 1586 2060 cum

228 2119 396 2184 campana
415 2094 565 2164 manuali
586 2095 724 2181 opidum
745 2092 921 2160 circumire
941 2093 1050 2162 iaceat
1071 2093 1106 2160 in
1127 2094 1217 2164 dicta
1234 2095 1349 2182 vigilia
1371 2097 1587 2184 exequiarum

229 2215 267 2274 ut
282 2203 445 2272 innitetur
460 2199 605 2288 populns
620 2201 663 2268 ad
678 2199 927 2286 deprecandum
943 2219 1003 2284 pro
1019 2199 1130 2266 salute
1152 2199 1343 2268 animarum
1359 2201 1587 2288 predictarum

229 2310 382 2380 tabulam
397 2329 499 2396 snper
513 2305 761 2374 monimentum
777 2325 891 2372 meum
903 2314 1006 2391 ponet
1018 2307 1107 2391 quod
1119 2305 1223 2392 pallio
1235 2311 1295 2374 seu
1307 2305 1375 2374 alio
1389 2318 1589 2376 ornamento

231 2416 374 2484 honesto
403 2412 572 2500 cooperiet
601 2410 783 2480 luminaria
807 2409 897 2478 ceria
920 2409 1070 2478 inueniet
1094 2411 1238 2498 Insuper
1261 2411 1438 2480 sacristam
1461 2415 1589 2500 prefate

231 2520 373 2616 ecclesie
402 2539 588 2606 campanas
615 2515 707 2585 trina
735 2516 810 2584 vice
836 2517 879 2583 ad
905 2515 1098 2584 huiusmodi
1122 2516 1282 2603 exequias
1305 2527 1339 2586 et
1362 2518 1518 2588 similiter
1547 2523 1589 2590 ad

232 2627 372 2698 missam
388 2625 479 2692 dicto
493 2624 580 2691 festo
594 2631 771 2691 cantatum
790 2621 925 2707 pulsare
947 2621 1048 2690 saciet
1063 2631 1101 2690 ut
1117 2622 1152 2690 in
1168 2623 1335 2692 similibus
1350 2625 1590 2695 anniuersariis

232 2734 420 2816 ceteraque
443 2729 603 2815 suffragia
624 2729 660 2796 in
683 2727 850 2796 similibus
865 2726 1106 2814 anniuersarijs
1120 2729 1246 2798 usitata
1268 2739 1302 2798 et
1322 2739 1484 2800 consueta
1501 2754 1590 2800 com-

232 2836 316 2924 pleri
341 2835 443 2904 faciet
465 2843 499 2902 et
525 2835 588 2902 hec
611 2833 725 2902 omnia
747 2833 995 2918 imperpetuum
1019 2831 1162 2919 singulis
1184 2833 1283 2902 annis
1304 2835 1426 2904 futuris
1449 2857 1469 2904 a
1492 2836 1591 2904 dictis

234 2941 421 3029 capellanis
443 2941 623 3010 collectore
645 2950 678 3009 et
701 2960 816 3008 eornm
841 2939 1092 3008 successoribus
1118 2939 1345 3010 inlellabiliter
1371 2942 1592 3011 obseruentnr

236 3057 274 3116 nt
289 3068 404 3115 coram
420 3067 554 3114 summo
571 3043 687 3112 Indice
699 3033 901 3130 respondere
911 3041 1016 3110 velint
1031 3051 1166 3111 tantum
1182 3065 1242 3130 pro
1257 3043 1350 3112 omni
1365 3045 1433 3112 alio
1449 3046 1591 3114 seruicio

235 3152 380 3220 seculari
407 3150 581 3220 exactione
607 3173 667 3218 sen
697 3150 865 3218 demanda
895 3169 960 3235 que
989 3150 1031 3217 de
1060 3148 1220 3236 predictis
1254 3149 1377 3218 annuis
1405 3149 1592 3218 redditibus

235 3257 428 3344 aliqualiter
442 3256 530 3342 exigi
545 3255 669 3342 poterit
685 3253 882 3340 antrequiri
906 3253 953 3320 Et
977 3275 1039 3340 ego
1060 3273 1140 3332 vero
1162 3253 1274 3322 dictus
1290 3255 1436 3322 Iacobus
1450 3254 1592 3322 heredes

235 3352 302 3432 mei
325 3371 359 3430 et
382 3361 546 3448 assignati
569 3381 688 3428 omnes
710 3369 744 3428 et
768 3359 920 3445 singulos
943 3379 1074 3426 annuos
1095 3358 1248 3426 redditus
1270 3357 1476 3446 prescriptos
1491 3357 1590 3428 dictis

235 3477 353 3536 curato
368 3465 553 3552 capellanis
568 3474 602 3534 et
618 3463 690 3532 suis
704 3463 956 3532 successoribus
971 3473 1088 3542 contra
1099 3485 1219 3530 omnes
1231 3463 1392 3531 mortales
1403 3483 1463 3550 per
1474 3485 1592 3531 omnes

159 3633 163 3642 .
235 3581 344 3640 terras
358 3581 392 3640 et
407 3571 639 3658 possessiones
653 3579 788 3638 nostras
802 3569 1088 3642 varantizahimus
1103 3567 1372 3655 acquietabimus
1383 3577 1417 3636 ct
1429 3567 1591 3655 imperpe-

235 3685 334 3746 tuum
357 3677 576 3746 defendemus
598 3675 756 3743 omnibus
776 3675 893 3743 fraude
912 3685 945 3742 et
963 3673 1040 3742 dolo
1063 3673 1205 3742 seclusis
1229 3676 1270 3743 In
1293 3673 1390 3742 cuius
1413 3673 1476 3741 Rei
1499 3675 1592 3742 testi·

236 3779 388 3850 monium
411 3779 558 3868 sigillum
581 3801 696 3848 meum
718 3801 864 3848 unacum
888 3779 999 3866 sigillo
1021 3779 1229 3848 honorabilis
1250 3777 1312 3846 viri
1339 3778 1471 3866 patricij
1499 3779 1592 3846 leslel

236 3883 378 3956 senioris
388 3885 488 3954 vuius
502 3885 704 3956 balliuorum
720 3887 761 3954 de
777 3886 935 3954 abirdene
947 3907 987 3952 ac
1003 3883 1130 3954 datoris
1145 3884 1269 3954 saisina
1284 3883 1497 3972 presentibus
1512 3895 1592 3954 sunt

237 4012 388 4079 appensa
420 3992 510 4078 apud
536 3991 680 4060 eundem
717 3991 849 4060 decimo
882 4001 1001 4076 quarto
1031 3990 1085 4060 die
1114 3990 1242 4058 mensis
1278 3989 1465 4059 decembris
1493 3991 1592 4056 Anno

237 4094 365 4166 domiui
393 4095 574 4164 millesimo
611 4095 883 4182 quingentesimo
911 4094 1043 4163 decimo
1074 4115 1163 4161 nono
1188 4093 1350 4162 Testibns
1379 4093 1528 4180 prouidis
1557 4103 1591 4160 et

238 4199 390 4272 honestis
414 4199 496 4270 viris
524 4200 671 4269 dominis
700 4199 802 4268 dauid
825 4201 936 4270 Wuus
964 4199 1066 4268 dauid
1103 4198 1165 4268 leis
1203 4197 1387 4284 capellanis
1415 4197 1591 4266 Willelmo

237 4301 444 4472 sqrimgeour
464 4302 567 4376 dauid
588 4303 718 4394 beroun
740 4311 774 4374 ct
796 4323 984 4372 normanno
1007 4302 1101 4370 leslie
1123 4301 1318 4388 sergeandis
1338 4303 1426 4370 Cum
1448 4299 1592 4371 diuersis

238 4427 259 4478 a
272 4405 314 4474 iis
329 4415 383 4477 cto

371 4617 446 4688 Hec
461 4627 512 4684 est
528 4639 607 4688 vera
621 4626 655 4686 et
670 4615 860 4688 indubitata
880 4617 978 4704 copia
998 4616 1221 4684 collacionata
1243 4615 1316 4684 siue
1333 4615 1591 4707 transscriptum
