4490 5990
605 617 668 682 104
981 595 1144 661 Fundacio
1167 595 1288 680 dominj
1309 595 1435 660 Andros
1460 595 1584 682 Cmapar

600 767 702 840 fuerit
715 765 880 853 recepturi
896 777 994 854 prout
1010 765 1044 834 in
1060 767 1207 854 presentj
1232 767 1346 836 seculo
1369 765 1554 835 meruimus
1577 764 1686 852 Igitur
1707 763 1805 832 diem.
1819 761 1961 832 extremi

604 873 723 960 Iudicij
737 871 917 960 expediens
928 881 980 940 est
991 871 1148 958 operibus
1163 871 1389 940 misericordie
1401 870 1576 959 preuenire
1586 879 1623 938 vt
1639 869 1806 938 seminata
1817 868 1852 936 in
1863 867 1963 936 terris

601 977 780 1065 multiplicj
796 978 907 1046 fructu
921 975 1122 1064 colligamus
1145 977 1179 1044 in
1202 977 1285 1046 celis
1300 979 1397 1044 Vnde
1414 975 1587 1044 Noueritis
1602 997 1656 1044 me
1676 974 1711 1042 in
1730 977 1961 1061 Augmentum

600 1081 706 1150 diuini
736 1081 847 1150 cultus
884 1081 1045 1148 honorem
1083 1081 1136 1166 dej
1174 1080 1417 1167 omnipotentis
1455 1079 1649 1150 beatissime
1682 1079 1823 1166 virginis
1856 1079 1962 1148 marie

600 1195 795 1257 sanctorum
833 1183 1002 1272 Nicholaij
1037 1185 1172 1272 martinj
1212 1185 1386 1254 katherine
1417 1193 1451 1254 et
1482 1184 1634 1252 omnium
1672 1194 1867 1262 sanctorum
1901 1206 1962 1272 pro

602 1291 711 1360 salute
737 1289 850 1360 anime
876 1311 951 1358 mee
975 1289 1089 1358 anime
1115 1293 1285 1377 quondam
1309 1289 1475 1360 Willelmi
1500 1310 1628 1378 coupar
1656 1289 1763 1376 patris
1788 1310 1863 1358 mee
1889 1287 1960 1376 [ric]

602 1407 636 1468 et
662 1397 804 1485 Agnetis
826 1418 953 1483 conpar
978 1397 1097 1466 matris
1121 1418 1195 1466 mee
1217 1397 1416 1468 Animarum
1443 1405 1621 1484 parentum
1647 1404 1838 1464 nostrorum
1863 1397 1962 1467 bene-

601 1501 767 1570 factorum
793 1523 909 1572 eorum
936 1523 957 1570 a
982 1500 1103 1588 quibus
1133 1501 1247 1588 aliqua
1276 1503 1364 1570 bona
1390 1500 1591 1569 minusiuste
1618 1499 1720 1586 habuj
1748 1509 1782 1568 et
1808 1497 1960 1568 omnium

480 1605 482 1610 ’
602 1605 752 1677 fidelium
776 1607 1010 1676 defunctorum
1040 1605 1173 1675 dedisse
1202 1607 1412 1674 concessisse
1437 1617 1471 1674 et
1497 1608 1562 1674 hac
1589 1604 1737 1694 presenti
1763 1614 1858 1674 carta
1885 1627 1962 1674 mea

602 1713 821 1780 confirmasse
851 1713 1035 1799 Capeliano
1058 1722 1218 1800 perpetuo
1244 1713 1362 1782 altaris
1387 1711 1478 1781 beati
1507 1711 1643 1798 martinj
1671 1711 1757 1780 infra
1782 1710 1961 1780 ecclesiam

500 1885 506 1898 ,
603 1815 830 1903 parochialem
856 1815 938 1884 dicti
968 1816 1064 1902 burgi
1093 1816 1223 1884 fundati
1254 1839 1313 1904 per
1342 1819 1511 1902 quondam
1542 1818 1628 1885 bone
1658 1816 1818 1884 memorie
1847 1839 1961 1886 vener·

603 1921 726 1990 abilem
750 1919 859 1988 virum
886 1919 1087 2006 magistrum
1116 1921 1287 1989 Thomam
1317 1923 1428 1990 Waus
1457 1931 1687 2009 precentorem
1714 1921 1961 1992 morauiensem

602 2047 707 2094 vnum
727 2047 878 2094 annuum
898 2025 1066 2094 redditum
1086 2025 1205 2114 vigintj
1230 2027 1412 2096 solidorum
1430 2027 1558 2096 usualis
1575 2037 1711 2096 monete
1729 2027 1839 2096 scocie
1857 2051 1962 2100 annu·

604 2128 692 2198 atim*
717 2131 898 2200 leuandum
925 2140 959 2198 et
985 2142 1163 2199 exeuntem
1188 2131 1241 2200 De
1263 2141 1337 2200 tota
1359 2143 1392 2200 et
1419 2132 1550 2218 integra
1572 2142 1661 2200 terra
1689 2132 1852 2200 Iohannis
1877 2135 1962 2202 lowe

603 2234 687 2302 fabri
718 2235 856 2302 lacente
885 2233 971 2302 infra
997 2235 1125 2302 dictum
1152 2237 1294 2322 burgum
1318 2235 1353 2304 in
1379 2237 1549 2325 superiore
1578 2246 1673 2324 parte
1702 2236 1768 2306 vici
1798 2237 1963 2308 inferioris

506 2415 533 2440 ⁴
603 2339 744 2406 ecclesie
769 2361 811 2406 ex
836 2338 990 2406 orientali
1013 2350 1108 2424 parte
1130 2339 1281 2408 eiusdem
1305 2341 1369 2428 vicj
1396 2339 1484 2410 inter
1505 2363 1703 2410 communes
1731 2341 1806 2410 vias
1836 2343 1963 2432 Regias

602 2467 720 2512 versus
741 2445 877 2513 boream
900 2453 934 2511 et
956 2453 1110 2512 austrum
1133 2455 1166 2512 et
1185 2455 1309 2514 terram
1330 2449 1500 2532 quondam
1520 2446 1686 2514 Willelmi
1709 2468 1835 2534 coupar
1857 2449 1963 2534 patris

604 2549 669 2636 mej
686 2572 804 2618 versus
823 2549 980 2618 occidens
995 2547 1274 2618 TENENDUM
1297 2550 1360 2618 ET
1383 2553 1661 2620 HABENDUM
1678 2550 1805 2620 Totum
1821 2561 1855 2620 et
1872 2555 1962 2626 Inte·

603 2677 700 2742 grum
719 2653 848 2720 dictum
866 2675 1017 2721 annuum
1037 2654 1205 2723 redditum
1225 2647 1343 2742 vigintj
1361 2657 1544 2724 solidorum
1560 2678 1638 2725 cum
1658 2656 1728 2724 suis
1746 2658 1964 2746 pertinenciis

603 2761 731 2848 prelato
751 2760 928 2846 capellano
948 2769 982 2826 et
1003 2759 1074 2828 suis
1094 2761 1345 2830 successoribus
1365 2761 1550 2848 capellanis
1570 2761 1651 2846 dictj
1673 2763 1792 2831 altaris
1812 2785 1833 2832 a
1851 2786 1907 2832 me
1927 2775 1962 2834 et

604 2863 783 2932 heredibus
798 2863 884 2931 meis
899 2865 940 2930 de
956 2885 1137 2950 suppremo
1153 2863 1289 2932 domino
1305 2873 1421 2932 nostro
1436 2887 1514 2950 rege
1530 2863 1565 2930 in
1581 2887 1699 2950 puram
1715 2874 1749 2932 et
1765 2876 1961 2952 perpetuam

604 2967 817 3038 elimosinam
845 2969 1098 3056 Imperpetuum
1130 2971 1217 3038 Cum
1247 2969 1340 3038 omni
1368 2972 1445 3038 Iure
1471 2979 1504 3036 et
1533 2969 1622 3037 Iuris
1648 2969 1779 3038 clameo
1808 2973 1857 3039 Ac
1884 2993 1962 3040 cum

604 3074 761 3143 omnibus
783 3084 817 3142 et
840 3073 982 3160 singulis
997 3073 1209 3144 libertatibus
1227 3074 1527 3144 commoditatibus
1543 3085 1576 3142 et
1593 3073 1792 3144 asiamentis
1807 3097 1847 3144 ac
1863 3075 1963 3144 iustis

605 3179 675 3248 suis
690 3177 908 3266 pertinenciis
930 3177 1185 3264 quibuscunque
1203 3181 1247 3248 ad
1265 3179 1394 3248 dictum
1417 3201 1569 3248 annuum
1584 3179 1752 3248 redditum
1768 3202 1845 3250 cum
1862 3180 1963 3268 perti·

603 3283 733 3352 nenciis
763 3283 996 3370 spectantibus
1026 3306 1086 3352 seu
1121 3287 1215 3354 Iuste
1245 3296 1397 3374 spectare
1426 3285 1618 3354 valentibus
1647 3286 1898 3372 quomodolibet
1928 3285 1962 3352 in

603 3390 754 3458 futurum
770 3392 819 3458 Ac
835 3389 1036 3476 capiendum
1060 3389 1238 3458 annuatim
1261 3401 1295 3458 et
1318 3391 1500 3459 leuandum
1517 3392 1558 3458 de
1575 3399 1650 3456 tota
1673 3399 1706 3456 et
1727 3389 1858 3476 integra
1872 3399 1963 3458 terra

603 3505 782 3581 prenotata
805 3517 882 3562 cum
906 3493 978 3562 suis
999 3495 1216 3582 pertinenciis
1239 3498 1282 3564 ad
1304 3496 1389 3564 duos
1412 3495 1491 3582 annj
1516 3493 1679 3562 terminos
1697 3493 1833 3562 usuales
1848 3503 1962 3580 pente-

604 3608 717 3666 costes
730 3597 886 3666 videlicet
902 3607 936 3666 et
952 3599 1070 3685 Sanctj
1088 3599 1224 3686 martinj
1242 3599 1276 3666 in
1291 3622 1389 3686 yeme
1404 3621 1464 3686 per
1479 3599 1615 3686 equales
1630 3597 1807 3684 porciones
1818 3600 1867 3664 Ac
1883 3618 1960 3664 cum

603 3703 709 3772 libera
724 3713 893 3790 potestate
911 3703 1105 3773 huiusmodi
1122 3715 1248 3774 terram
1264 3715 1297 3772 et
1315 3705 1551 3773 Inhabitantes
1566 3705 1708 3772 eandem
1731 3711 1765 3769 et
1789 3723 1851 3768 sua
1873 3701 1962 3768 bona

603 3809 646 3876 ad
662 3827 785 3874 manus
800 3807 952 3894 proprias
971 3807 1044 3877 sine
1060 3830 1261 3897 quocunque
1282 3809 1371 3878 Iuris
1392 3809 1547 3878 ministro
1563 3805 1735 3878 Namandi
1758 3815 1792 3874 et
1816 3805 1962 3873 Distrin-

603 3911 704 3998 gendi
719 3913 813 3980 Adeo
829 3913 931 3982 libere
946 3913 1096 4000 plenarie
1111 3914 1241 4002 integre
1256 3915 1439 3984 honorilice
1454 3917 1540 3984 bene
1555 3925 1589 3982 et
1605 3914 1640 3982 in
1655 3935 1739 4000 pace
1754 3911 1789 3980 in
1804 3911 1962 3980 omnibus

603 4027 637 4084 et
663 4038 724 4103 per
748 4017 863 4085 omnia
889 4017 977 4086 sicut
1004 4019 1127 4106 aliquis
1156 4041 1290 4089 annuus
1315 4020 1466 4088 redditus
1492 4019 1527 4086 in
1553 4015 1673 4106 puram
1699 4029 1733 4086 et
1763 4026 1961 4104 perpetuam

603 4119 817 4190 elimosinam
847 4123 988 4190 ecclesie
1018 4127 1120 4193 datur
1149 4126 1345 4193 conceditur
1377 4135 1436 4194 aut
1466 4125 1659 4211 possidetur
1687 4123 1773 4191 intra
1805 4125 1962 4208 Regnum

604 4227 714 4293 scocie
744 4227 816 4294 sine
841 4229 1062 4298 reuocacione
1085 4231 1331 4300 reclamacione
1354 4242 1413 4300 aut
1437 4231 1704 4300 contradictione
1730 4227 1868 4314 aliquali
1894 4225 1960 4313 mej

603 4331 764 4400 heredum
795 4355 947 4402 meorum
977 4345 1036 4404 aut
1067 4338 1211 4406 aliorum
1242 4358 1518 4424 quorumcunque
1550 4337 1764 4404 INSUPER
1790 4332 1963 4402 Noueritis

603 4459 658 4506 me
684 4437 816 4508 dedisse
842 4441 1051 4512 concessisse
1077 4454 1110 4512 et
1136 4444 1202 4512 hac
1228 4444 1374 4530 presentj
1402 4453 1496 4512 carta
1523 4463 1599 4512 mea
1626 4441 1846 4508 confirmasse
1872 4437 1963 4506 dicto

603 4542 779 4628 messano
808 4555 970 4632 perpetuo
1001 4547 1119 4629 altaris
1153 4549 1263 4636 sanctj
1295 4547 1431 4634 martini
1468 4569 1572 4630 vnum
1607 4567 1757 4628 annuum
1795 4542 1963 4626 redditum
