4460 5984
613 673 675 758 148
820 668 1026 756 caumata
1048 669 1144 736 cam
1164 665 1344 734 naama
1360 664 1521 754 ptam
1544 664 1581 730 a
1602 607 1787 730 nauata

1220 909 1363 976 LXXX.

665 1053 696 1119 N
728 1049 783 1119 die
811 1048 959 1118 Nomine
988 1049 1098 1117 Amen
1128 1049 1193 1118 Per
1222 1049 1286 1116 hoe
1316 1069 1456 1135 presens
1492 1045 1664 1133 publicum
1700 1031 1969 1112 Instrumentun'r

708 1153 850 1224 Cunctis
871 1163 987 1242 pateat
1005 1153 1179 1222 euidenter
1197 1155 1286 1239 quod
1301 1156 1400 1220 Anno
1418 1153 1461 1220 ab
1485 1149 1723 1220 Ineamatione
1744 1149 1872 1235 dominj
1897 1149 1970 1216 mil-

612 1257 732 1326 lesimo
757 1257 1090 1346 quadringentesimo
1114 1255 1346 1344 octuagesimo
1376 1255 1485 1343 primo
1515 1253 1643 1323 mensis
1667 1275 1747 1323 vero
1773 1253 1890 1341 marcij
1918 1253 1972 1322 die

611 1363 772 1432 vicesinm
799 1365 948 1430 secunda
974 1361 1159 1430 indictione
1183 1361 1304 1430 ultima
1329 1360 1548 1448 pontificatus
1574 1357 1780 1445 sanctissimi
1808 1357 1843 1426 in
1870 1357 1973 1426 cristo

612 1467 718 1555 patris
739 1468 867 1554 dominj
892 1467 998 1536 nostri
1021 1469 1148 1556 dominj
1173 1467 1259 1536 sexti
1282 1467 1398 1536 diuina
1418 1467 1630 1554 prouidentia
1649 1489 1736 1556 pape
1755 1465 1865 1553 quartj
1882 1485 1973 1534 anno

611 1571 789 1641 vndeeimo
813 1575 854 1640 In
876 1571 1078 1642 venerabilis
1098 1571 1161 1641 viri
1181 1572 1336 1660 magistri
1359 1573 1483 1641 mberti
1506 1571 1726 1640 halkerstoun
1749 1569 1973 1658 commissarii

614 1678 804 1747 Reuerendi
819 1679 926 1765 patris
937 1679 1103 1748 Willelmi
1115 1679 1213 1766 electj
1232 1678 1415 1748 Rossensis
1429 1678 1620 1748 confirmati
1632 1700 1673 1746 ac
1686 1675 1973 1764 Reuerendissimj

613 1783 648 1852 in
672 1783 776 1852 cristo
801 1783 909 1872 patris
934 1794 968 1852 et
994 1783 1122 1852 domini
1146 1785 1273 1872 dominj
1300 1785 1466 1871 Willelmj
1491 1783 1707 1854 miseratione
1729 1782 1845 1852 diuina
1867 1781 1974 1851 archi·

613 1888 763 1976 episcopi
775 1889 1018 1958 Sanetiandree
1029 1889 1115 1958 inira
1127 1899 1242 1976 partes
1254 1889 1412 1958 laudonie
1422 1889 1576 1959 officialis
1584 1911 1645 1976 pro
1653 1887 1813 1958 tribunali
1826 1885 1975 1956 sedentis

615 1992 748 2078 meique
763 1993 884 2078 notarij
905 1993 1030 2079 publici
1043 2004 1076 2062 et
1091 1995 1232 2064 testium
1251 1994 1540 2082 infrascriptorum
1561 1993 1736 2081 presencia
1753 1992 1976 2080 personaliter

613 2099 820 2167 constitutus
850 2099 1012 2186 magister
1043 2102 1213 2170 Iohannes
1242 2103 1285 2172 de
1310 2123 1447 2172 camera
1476 2111 1656 2170 succentor
1685 2097 1908 2169 morauiensis
1935 2119 1976 2166 ae

614 2203 767 2289 magistri
783 2203 962 2290 hospitalis
979 2206 1089 2273 sancti
1110 2206 1227 2275 thome
1242 2210 1284 2276 de
1299 2207 1458 2276 abirdene
1481 2205 1585 2275 miehi
1607 2206 1739 2274 notario
1761 2203 1975 2290 infrascripto

613 2329 654 2378 ac
670 2309 778 2376 scribe
793 2309 885 2376 curie
908 2309 989 2378 dicti
1012 2312 1205 2404 ‚Reuerenuj
1230 2313 1338 2399 patris
1352 2312 1506 2381 officialis
1521 2312 1692 2398 quandam
1711 2317 1840 2380 cartam
1864 2307 1975 2395 sigillo

614 2411 785 2480 alexandri
815 2413 986 2498 peteairne
1015 2416 1057 2482 de
1087 2415 1258 2484 mondinis
1283 2418 1429 2504 quodam
1459 2417 1598 2486 domino
1627 2415 1811 2502 sigillatam
1836 2411 1976 2481 tradidit

614 2519 853 2605 perlegendum
884 2529 1036 2589 tenorem
1063 2523 1119 2608 quj
1151 2523 1304 2609 sequitur
1329 2523 1560 2593 continentem
1590 2521 1812 2591 OMNIBUS
1843 2519 1976 2586 HANC

616 2623 809 2693 CARTAM
822 2625 945 2693 visuris
960 2627 1014 2694 uel
1030 2628 1196 2696 audituris
1207 2629 1399 2697 Alexander
1408 2628 1583 2715 petkarine
1594 2629 1636 2696 de
1648 2625 1818 2696 mondinis
1830 2623 1976 2693 salutern

616 2733 651 2800 in
666 2733 804 2802 domino
819 2735 1060 2822 sempiternam
1077 2735 1251 2805 Noueritis
1273 2757 1328 2804 me
1342 2735 1490 2805 vtilitate
1505 2757 1581 2804 mea
1596 2734 1631 2802 in
1646 2735 1712 2802 hac
1730 2741 1826 2821 parte
1841 2729 1976 2820 preuisa

616 2848 650 2908 st
670 2839 849 2926 diligenter
868 2840 1080 2910 considerata
1101 2843 1144 2910 ad
1164 2841 1278 2911 debita
1298 2863 1376 2911 mea
1395 2841 1599 2928 aequitando
1617 2840 1653 2907 in
1675 2838 1797 2926 quibus
1815 2857 1896 2923 erga
1918 2855 1975 2921 pa-

616 2954 686 3012 trea
705 2945 889 3013 creditores
905 2953 1058 3031 ternpore
1078 2945 1298 3014 confectionis
1318 2946 1530 3033 presencium
1550 2943 1647 3012 extiti
1664 2951 1825 3011 oneratus
1843 2938 1977 3008 dedisse

556 3079 560 3086 ·
617 3045 825 3118 concessisse
842 3059 877 3118 et
890 3050 1047 3118 vendisse
1068 3050 1235 3136 tituloque
1250 3073 1332 3138 pure
1346 3047 1555 3120 vendicionis
1575 3048 1742 3118 alienasse
1761 3055 1796 3115 et
1816 3045 1882 3113 hac
1902 3063 1976 3130 pre·

617 3151 705 3222 senti
727 3163 822 3222 carta
847 3175 924 3222 mea
946 3155 1165 3223 confirmasse
1188 3155 1372 3224 venerabili
1393 3165 1429 3224 et
1451 3154 1697 3240 circumspecto
1718 3151 1791 3220 viro
1813 3145 1977 3234 magistro

618 3258 764 3326 Iohanni
779 3259 848 3328 clat
869 3267 904 3326 et
927 3258 998 3326 suis
1023 3259 1206 3346 assignatis
1227 3281 1331 3330 vnum
1354 3281 1505 3330 annuum
1528 3258 1696 3328 redditum
1713 3277 1772 3324 sex
1786 3271 1976 3324 mercarum

615 3361 744 3430 usualis
765 3370 901 3430 monete
923 3363 1034 3431 scocie
1056 3374 1235 3433 exeuntem
1261 3365 1439 3434 annuatim
1462 3364 1645 3432 leuandum
1668 3369 1703 3430 et
1725 3357 1976 3447 percipiendum

616 3468 660 3534 ad
675 3487 798 3534 manus
812 3467 965 3554 proprias
979 3467 1061 3536 dieti
1077 3469 1232 3556 magistri
1256 3469 1421 3540 Iohannis
1442 3477 1477 3538 et
1500 3469 1751 3555 assignatorum
1774 3485 1912 3533 suorum
1935 3463 1978 3530 de

616 3569 715 3639 lenis
737 3569 823 3638 meis
844 3571 887 3640 de
909 3571 1079 3641 mondinis
1093 3581 1129 3640 et
1151 3571 1344 3659 specialiter
1365 3573 1454 3643 dele
1476 3571 1642 3640 estirtoun
1664 3579 1699 3639 et
1713 3567 1928 3640 Westirtoun
1942 3575 1977 3634 et

616 3671 850 3742 deficientibus
875 3672 944 3742 illis
969 3677 1011 3742 de
1036 3675 1119 3744 totis
1144 3677 1243 3745 terris
1273 3677 1360 3746 meis
1385 3679 1428 3746 dc
1454 3675 1625 3746 mondinis
1653 3697 1731 3744 oum
1761 3669 1979 3762 pertinenciis

618 3778 812 3866 lacentibus
837 3778 872 3846 in
902 3780 1041 3850 baronia
1063 3783 1105 3850 de
1127 3783 1299 3852 mondinis
1320 3783 1408 3852 inira
1436 3783 1713 3852 vicecomitatum
1735 3781 1778 3848 de
1801 3777 1976 3846 kineardin

617 3903 677 3966 pro
692 3883 839 3968 quadam
855 3893 948 3953 certa
963 3905 1098 3954 summa
1113 3887 1256 3972 pecunie
1267 3909 1372 3975 quam
1383 3887 1496 3956 dietus
1511 3887 1675 3973 magister
1691 3885 1863 3954 Iohannes
1874 3879 1978 3949 michi

617 3986 652 4054 in
668 4009 745 4056 mea
760 4009 886 4074 magna
900 3999 934 4058 et
949 3991 1080 4077 vrgenti
1102 3993 1307 4062 necessitate
1329 3993 1365 4060 in
1387 3991 1532 4081 pecunia
1549 3999 1728 4061 numerata
1742 3989 1887 4058 fideliter
1907 4009 1979 4074 per·

617 4091 771 4160 soluebat
793 4091 994 4162 Tenendum
1017 4105 1051 4164 ct
1074 4095 1268 4164 babendum
1291 4105 1403 4165 totum
1427 4105 1462 4164 et
1484 4096 1654 4182 integrum
1675 4093 1803 4163 dictum
1827 4111 1978 4160 annuum

616 4196 785 4264 redditum
807 4219 867 4266 sex
889 4221 1078 4270 mercatum
1101 4223 1179 4269 eum
1202 4201 1421 4288 pertinenciis
1442 4203 1573 4290 prefato
1596 4200 1760 4288 magistro
1783 4195 1928 4283 lohannj
1944 4204 1978 4262 et

617 4299 802 4386 assignatis
816 4301 889 4370 suis
902 4304 944 4370 de
960 4325 1015 4372 me
1030 4305 1210 4372 heredibus
1225 4314 1259 4372 et
1275 4305 1460 4392 assignatis
1475 4304 1562 4374 meis
1576 4304 1611 4372 in
1626 4305 1724 4372 feodo
1738 4311 1773 4370 et
1792 4299 1979 4369 hereditate

617 4401 865 4490 imperpetuum
895 4409 939 4476 ad
964 4409 1050 4476 duos
1072 4409 1151 4495 annj
1179 4410 1344 4479 terminos
1369 4411 1507 4479 vsuales
1532 4409 1741 4496 penticostes
1761 4405 1918 4474 videlicet
1945 4411 1978 4470 et

617 4509 726 4594 sanctj
754 4509 890 4596 martinj
918 4511 955 4578 in
980 4510 1092 4580 hieme
1121 4533 1182 4598 per
1200 4505 1350 4598 'equales
1375 4513 1555 4599 porciones
1579 4533 1658 4582 nrm
1683 4507 1842 4580 ambibas
1867 4504 1981 4574 liberis

617 4622 787 4698 potestate
802 4625 836 4682 et
851 4616 1014 4684 facultate
1025 4639 1145 4686 ornnes
1157 4628 1191 4686 et
1207 4619 1361 4706 singulas
1376 4629 1485 4687 terras
1497 4641 1592 4688 meas
1607 4616 1776 4704 predictas
1788 4634 1866 4682 cum
1882 4609 1982 4698 perti·
