4490 5990
651 683 749 754 Carta
770 687 892 754 rimini
914 685 1066 754 lobannis
1088 685 1192 754 litetur
1543 705 1604 772 1²9

243 883 459 932 communem
474 859 564 930 viam
586 859 729 948 Regiam
744 881 863 928 versus
877 858 1035 927 occidens
1048 881 1153 928 vnum
1169 861 1328 930 Annuum
1347 860 1531 930 Redditum
1547 881 1607 930 sex

243 967 427 1038 solidorum
443 967 532 1037 dicte
554 975 689 1036 monete
712 965 890 1034 annuatim
913 965 1098 1034 leuandum
1114 967 1155 1034 de
1170 966 1253 1034 totis
1268 975 1302 1034 et
1318 965 1458 1053 integris
1473 967 1605 1038 duabus

246 1073 355 1142 Rudis
378 1073 450 1141 siue
480 1071 654 1159 perticatis
680 1079 845 1140 terrarum
876 1077 910 1140 et
940 1069 1081 1138 edificiis
1106 1073 1290 1140 earundem
1317 1070 1462 1157 hugonis
1487 1073 1605 1141 ander·

244 1176 527 1264 asneburgensis
552 1176 634 1246 dicti
660 1175 757 1262 burgi
779 1177 821 1244 de
846 1177 1033 1262 lnueroury
1057 1175 1254 1244 lacentibus
1279 1175 1366 1244 inira
1391 1177 1536 1246 eundem
1563 1197 1605 1246 ex

244 1283 445 1353 occidentali
469 1291 566 1369 parte
591 1281 743 1352 eiusdem
765 1280 855 1349 inter
876 1289 985 1350 terras
1010 1281 1150 1350 Roberti
1180 1283 1368 1351 andersone
1395 1281 1542 1350 lunion's
1563 1304 1604 1352 ex

243 1389 384 1460 australi
399 1409 441 1456 ex
455 1409 522 1458 vna
537 1397 571 1456 et
586 1397 695 1458 terras
706 1385 873 1456 willelmi
890 1385 1049 1456 Blakhall
1065 1389 1107 1456 de
1123 1388 1241 1456 eodem
1257 1407 1299 1456 ex
1314 1387 1440 1458 boreali
1451 1388 1604 1476 partibus

243 1498 287 1564 ab
313 1495 420 1564 altera
445 1515 662 1562 communem
687 1493 778 1561 viam
807 1493 951 1579 Regiam
977 1513 1095 1561 versus
1121 1493 1232 1562 oriens
1257 1503 1292 1562 et
1317 1503 1426 1564 terras
1455 1495 1603 1583 supremi

244 1600 371 1669 domini
401 1599 508 1668 nostri
540 1597 645 1684 Regis
674 1599 803 1666 Versus
833 1597 992 1666 occidens
1024 1599 1072 1665 Et
1100 1620 1205 1667 vnum
1236 1619 1387 1668 annuum
1418 1599 1602 1669 Redditum

242 1704 398 1773 undecim
417 1703 600 1772 solidorum
615 1703 744 1772 usualis
762 1712 898 1771 monete
915 1703 1026 1770 scocie
1045 1705 1221 1772 annuatim
1240 1713 1420 1774 exeuntem
1438 1715 1472 1774 et
1487 1706 1603 1776 leuan-

243 1811 325 1898 dum
347 1811 389 1878 de
410 1810 514 1878 fundo
536 1809 647 1878 tocius
662 1817 696 1877 et
711 1809 841 1894 integre
864 1817 952 1876 terre
970 1809 1107 1877 donaldi
1127 1809 1340 1878 strathachin
1360 1811 1499 1880 lacente
1517 1811 1603 1882 inira

243 1915 372 1984 dictum
388 1917 531 2001 burgum
547 1917 589 1984 de
604 1915 779 1984 Aberdene
797 1915 833 1982 in
847 1914 923 1982 vico
941 1915 1111 2001 superiore
1126 1915 1268 1984 ecclesie
1286 1937 1328 1984 ex
1348 1917 1489 1986 australi
1507 1927 1602 2007 parte

244 2020 394 2088 eiusdem
409 2019 476 2088 vici
491 2019 580 2087 inter
596 2016 721 2087 terram
738 2019 908 2106 quondam
924 2018 1090 2087 Willelmi
1106 2041 1190 2106 nory
1204 2041 1245 2088 err
1260 2019 1415 2090 orientali
1431 2043 1472 2090 err
1486 2043 1553 2092 vna
1568 2033 1602 2092 et

242 2136 368 2194 terram
384 2127 517 2193 Andree
532 2123 740 2193 michelsone
755 2145 796 2192 ex
811 2123 1013 2192 occidentali
1028 2124 1181 2212 partibus
1196 2127 1239 2194 ab
1254 2125 1361 2195 altera
1377 2129 1602 2198 Communem

242 2231 333 2300 viam
347 2231 491 2318 Regiam
502 2253 620 2299 versus
635 2233 771 2300 boream
787 2239 821 2298 et
837 2238 1021 2298 torrentem
1036 2251 1154 2298 versus
1169 2241 1321 2300 austrum
1337 2231 1603 2305 TENENDOS

244 2337 308 2406 ET
335 2339 599 2406 HABENDOS
624 2345 716 2404 totos
741 2345 776 2404 et
802 2335 952 2422 integros
977 2355 1109 2404 annuos
1136 2337 1304 2405 Redditus
1329 2337 1498 2425 predictos
1523 2361 1601 2408 curn

243 2441 461 2530 pertinenciis
476 2440 616 2528 prelatis
631 2449 748 2510 curato
764 2449 798 2508 et
813 2437 999 2526 capellanis
1016 2462 1057 2508 ac
1073 2439 1144 2508 suis
1159 2442 1411 2526 successoribus
1425 2443 1553 2513 curatis
1568 2455 1602 2516 et

244 2545 429 2634 capellanis
444 2545 526 2614 dicti
542 2543 635 2614 chori
658 2565 679 2614 a
701 2567 756 2613 me
779 2553 813 2612 et
835 2545 1014 2616 heredibus
1029 2545 1115 2614 meis
1138 2547 1179 2614 In
1202 2569 1323 2636 puram
1347 2559 1380 2618 et
1403 2561 1601 2638 perpetuam

244 2652 470 2722 Elimosinam
483 2653 737 2738 imperpetuum
750 2653 838 2720 Cum
854 2652 947 2720 omni
960 2654 1038 2722 Iure
1052 2661 1086 2721 et
1103 2651 1192 2722 Iuris
1203 2653 1393 2724 clameoAc
1404 2677 1483 2724 cum
1495 2657 1603 2725 omni·

243 2759 306 2826 bus
321 2765 355 2824 et
371 2755 513 2842 singulis
528 2755 741 2825 libertatibus
759 2755 1058 2826 commoditatibus
1076 2765 1110 2825 et
1128 2757 1327 2827 asiamentis
1347 2780 1388 2829 ac
1408 2761 1513 2829 Iustis
1531 2760 1603 2832 suis

242 2862 460 2949 pertinenciis
480 2861 735 2948 quibuscunque
754 2864 798 2930 ad
818 2861 928 2930 dictos
947 2883 1079 2932 annuos
1100 2863 1268 2932 Redditus
1286 2887 1364 2934 cum
1385 2865 1603 2953 pertinenciis

243 2967 476 3054 spectantibus
496 2989 556 3034 seu
574 2965 663 3034 iuste
682 2975 836 3054 spectare
849 2967 1042 3036 valentibus
1064 2969 1314 3055 quomodolibet
1333 2969 1368 3038 in
1386 2971 1536 3041 futurum
1552 2975 1602 3043 Ac

243 3072 444 3160 capiendum
472 3071 648 3141 annuatim
671 3082 705 3140 et
728 3073 910 3141 leuandum
935 3075 977 3141 de
998 3073 1081 3142 totis
1103 3083 1137 3143 et
1160 3075 1300 3163 integris
1322 3075 1421 3145 terris
1442 3079 1603 3164 predictis

244 3201 321 3246 cum
335 3177 406 3245 suis
414 3175 631 3266 pertinenciis
643 3178 686 3246 ad
696 3179 781 3246 duos
793 3177 873 3264 annj
886 3179 1050 3247 terminos
1058 3181 1193 3249 vsuales
1203 3181 1435 3268 penthicostes
1445 3183 1601 3254 videlicet

243 3291 277 3350 et
293 3281 403 3351 saneti
419 3281 556 3370 martini
572 3281 607 3350 in
622 3281 734 3351 hieme
749 3304 810 3370 per
823 3283 962 3371 equales
972 3284 1148 3372 porciones
1159 3287 1209 3355 Ac
1220 3307 1298 3356 cum
1313 3287 1419 3358 libera
1433 3299 1603 3378 potestate

243 3387 436 3456 huiusmodi
458 3397 566 3456 terras
589 3397 622 3456 et
645 3387 876 3458 inhabitantes
898 3391 1035 3459 easdem
1058 3413 1099 3460 ac
1122 3413 1184 3461 sua
1206 3395 1295 3463 bona
1317 3395 1360 3463 ad
1384 3417 1506 3466 manus
1528 3419 1602 3486 pro·

243 3512 342 3580 preas
356 3513 417 3580 pro
432 3491 533 3560 dictis
547 3491 669 3561 annuis
683 3493 869 3563 redditibus
884 3493 957 3564 sine
972 3517 1172 3584 quocunque
1189 3497 1277 3566 luris
1292 3497 1447 3569 ministro
1462 3521 1602 3570 namare

243 3607 276 3666 et
292 3598 475 3684 distingere
495 3597 626 3666 tociens
647 3599 809 3687 quociens
831 3621 917 3688 opus
937 3599 1037 3669 iuerit
1059 3601 1153 3670 Adeo
1175 3601 1278 3672 libere
1300 3604 1450 3690 plenarie
1472 3605 1602 3694 integre

244 3702 427 3771 honorilice
441 3705 526 3771 bene
542 3713 576 3772 et
591 3703 626 3771 in
642 3725 725 3790 pace
741 3704 776 3773 in
791 3703 948 3774 omnibus
966 3715 1000 3774 et
1018 3729 1079 3794 per
1093 3707 1207 3776 omnia
1227 3707 1314 3778 sicut
1330 3709 1452 3797 aliquis
1467 3733 1601 3781 annuus

245 3807 412 3876 Redditus
432 3807 573 3877 ecclesie
590 3808 678 3880 inira
701 3831 842 3898 regnum
864 3809 974 3879 scocie
992 3813 1093 3881 datur
1113 3813 1310 3882 conceditur
1332 3825 1390 3884 aut
1410 3816 1603 3904 possidetur

244 3911 317 3980 sine
342 3911 573 3982 Reuocatione
595 3913 852 3984 Reclamatlone
877 3927 935 3994 aut
959 3917 1225 3987 contradictione
1248 3919 1394 4006 Aliquali
1418 3921 1484 3989 mei
1506 3924 1601 3991 here·

243 4018 323 4085 dum
343 4037 494 4084 meorum
511 4027 570 4086 aut
585 4017 728 4086 aliorum
744 4041 1020 4108 quorumcunque
1036 4023 1364 4093 CELEBRANDO
1382 4025 1504 4093 INDE
1519 4026 1600 4096 dicti

243 4127 382 4189 curatus
408 4131 442 4188 et
469 4121 634 4209 capellani
661 4145 701 4194 ac
728 4124 780 4193 sui
806 4147 1019 4194 successores
1045 4129 1194 4214 qualibet
1224 4129 1278 4198 die
1308 4139 1429 4218 quarta
1458 4131 1601 4220 singulis

242 4225 351 4294 Annis
365 4247 467 4295 vnam
490 4228 631 4296 missam
654 4231 695 4297 de
718 4229 864 4318 quinque
882 4231 1078 4302 vulneribus
1100 4233 1227 4302 domini
1250 4235 1357 4302 nostri
1380 4235 1484 4305 Ihesu
1507 4239 1726 4312 cristianos·

243 4332 286 4399 ad
313 4331 419 4399 altare
446 4333 554 4399 Beate
580 4332 685 4400 marie
712 4333 797 4403 infra
824 4337 965 4404 eandem
996 4337 1160 4406 situatum
1186 4341 1236 4406 Ac
1262 4339 1463 4410 celebrando
1484 4341 1519 4408 in
1545 4341 1599 4412 die

242 4435 355 4504 obitus
378 4435 444 4504 mei
467 4435 576 4505 decim
600 4437 723 4507 missas
744 4437 896 4528 priuatas
918 4463 978 4528 pro
1002 4443 1111 4511 salute
1134 4441 1246 4512 anime
1270 4467 1344 4513 mee
1359 4454 1392 4514 et
1408 4446 1598 4516 animarum

242 4539 467 4626 predictarum
498 4545 547 4612 Ac
578 4544 747 4613 Collector
770 4547 937 4633 generalis
963 4549 1145 4616 eorundem
1171 4549 1340 4618 Tabulam
1367 4571 1468 4636 super
1493 4553 1599 4620 moni·

242 4653 394 4718 mentum
418 4669 531 4718 meum
554 4649 678 4720 locabit
702 4654 843 4721 eandem
867 4653 1000 4722 decenti
1022 4653 1126 4740 pallio
1148 4655 1316 4744 cooperiet
1339 4655 1482 4748 singulis
1500 4659 1599 4731 annis

901 4761 925 4812 R
