4472 5992
832 695 1025 780 Fragmenta
1566 707 1607 774 ²5

249 877 304 938 tos
318 867 495 934 tremendo
509 886 623 934 eorurn
640 887 751 934 sunrrn
769 913 1607 934 ................

251 981 328 1044 este
343 971 492 1042 habeon
506 979 541 1040 et
556 991 636 1058 poss
656 1018 1607 1039 ..................

250 1075 370 1164 viginti
385 1075 568 1146 solidorum
584 1095 644 1164 pro
659 1074 783 1146 sninris
824 1125 833 1144 .
867 1066 872 1084 '
879 1123 1607 1146 ..............

251 1180 394 1270 singulis
409 1179 508 1250 annis
522 1190 557 1250 et
572 1180 727 1250 terminis
768 1229 1607 1252 ................

251 1307 312 1376 pro
326 1295 478 1374 tempore
493 1285 592 1354 fuerit
607 1295 641 1355 et
656 1285 733 1356 eliis
769 1334 1607 1356 ................

250 1413 341 1462 nnno
355 1391 565 1478 negligenter
580 1413 616 1462 se
631 1391 756 1462 habeat
824 1439 1606 1460 ...............

251 1495 394 1566 bueione
409 1495 490 1566 dicti
506 1495 610 1566 annui
625 1496 776 1566 redditus
790 1495 910 1584 viginti
925 1497 1109 1570 solidorum
1155 1545 1607 1565 .........

253 1623 293 1672 ac
309 1611 484 1690 presentes
498 1601 679 1672 seruiciurn
694 1601 999 1672 anniversariorum
1045 1649 1608 1672 ...........

253 1707 353 1778 annis
367 1715 405 1778 ut
420 1707 626 1796 permittitur
640 1709 728 1780 Volo
743 1718 777 1780 et
793 1707 911 1780 ordino
926 1710 1015 1796 quod
1030 1707 1134 1778 Viesr
1158 1757 1165 1776 .
1213 1711 1229 1776 .“
1269 1757 1609 1776 .......

253 1823 287 1882 et
303 1823 441 1882 curatus
455 1812 607 1900 ejusdem
654 1863 662 1881 .
710 1863 717 1882 .
765 1865 773 1881 .
820 1863 828 1882 .
873 1833 953 1884 cunr
967 1811 1154 1906 capellanis
1214 1861 1609 1882 ........

254 1917 359 1988 marie
377 1917 491 1990 luetur
551 1967 1222 1988 .............
1245 1953 1252 1971 ·
1270 1967 1609 1987 .......

741 2131 935 2200 intermedia
948 2135 1025 2220 pars
1043 2131 1123 2200 deest

258 2390 983 2412 ..............
1024 2342 1211 2414 Iohannem
1226 2343 1269 2410 de
1283 2342 1351 2412 nne
1367 2341 1555 2410 Iohannem
1570 2341 1612 2409 de
1634 2347 1678 2405 tot
1693 2348 1742 2404 1²³

258 2496 929 2516 .............
996 2447 1174 2518 balliorurn
1190 2446 1337 2516 dominis
1352 2447 1543 2514 Alexandro
1557 2467 1613 2513 vo·

258 2599 1098 2622 ................
1114 2553 1255 2624 notariis
1271 2553 1414 2640 publicis
1428 2551 1615 2640 capellanis

258 2704 1210 2728 ..................
1267 2659 1434 2728 laurentio
1448 2660 1565 2728 thorne
1580 2667 1614 2728 et

258 2809 1153 2832 .................
1196 2765 1305 2836 stibus
1320 2767 1363 2836 ed
1378 2764 1543 2854 premissa
1557 2785 1613 2833 vo·

918 3103 952 3170 D

260 3307 1209 3328 ..................
1277 3261 1334 3330 ndi
1350 3260 1615 3332 forestullatores

260 3413 1264 3434 ...................
1291 3368 1333 3435 de
1348 3365 1490 3453 aliisque
1505 3369 1615 3438 officis

260 3519 1098 3539 ................
1118 3471 1229 3540 littere
1245 3481 1453 3558 perueneunt
1469 3474 1614 3544 salutern

260 3623 1208 3645 ..................
1238 3577 1393 3646 rensibus
1408 3587 1442 3645 et
1457 3579 1616 3650 frutribus

261 3729 1154 3750 .................
1199 3682 1344 3752 cerciam
1360 3683 1535 3769 spudelem
1551 3705 1616 3771 que

261 3835 1210 3855 ..................
1277 3787 1407 3856 inuenit
1423 3788 1554 3874 aliquos
1569 3790 1615 3858 lo·

262 3939 1153 3960 .................
1194 3893 1368 3962 Aberdene
1383 3891 1455 3980 ipse
1471 3893 1525 3962 uel
1541 3893 1615 3982 ipsa

262 4047 269 4064 .
309 3978 325 4062 ⁰.
372 4045 1208 4066 ................
1274 4007 1384 4066 estare
1399 3997 1565 4084 corrigere
1579 4010 1614 4069 et

261 4151 1043 4172 ...............
1106 4113 1223 4172 tenore
1241 4103 1452 4189 presencium
1471 4103 1616 4174 firrnitur

262 4255 1098 4278 ................
1156 4207 1277 4278 fratres
1291 4207 1380 4294 gilde
1395 4231 1435 4278 sc
1451 4209 1615 4296 magistra

261 4361 1097 4382 ................
1119 4314 1304 4383 exercenda
1319 4313 1522 4400 quociesque
1536 4314 1615 4387 inde

262 4467 1097 4488 ................
1140 4420 1222 4488 hare
1237 4427 1271 4488 et
1286 4419 1474 4488 confortare
1489 4421 1615 4490 curetis

262 4570 1099 4594 ................
1150 4527 1279 4594 Datum
1295 4525 1358 4594 sub
1373 4523 1484 4612 sigillo
1498 4535 1615 4596 nostro

263 4674 1043 4700 ...............
1097 4629 1158 4698 arii
1174 4651 1264 4699 anno
1282 4631 1390 4722 Regni
1406 4631 1512 4700 nostri
1528 4638 1616 4703 xxv²⁰

926 4735 950 4787 1>
