4460 5984
546 673 708 742 aaran
729 672 887 762 aaran
913 671 1025 740 samu
1048 673 1162 740 ram
1182 674 1324 742 Μῖνι,
1556 693 1619 764 1⁵7

260 847 395 916 comitis
420 850 463 916 de
489 868 562 914 mar
587 847 695 934 patris
719 847 770 932 suj
799 847 918 914 matris
941 869 1002 914 sue
1024 847 1130 935 ipsius
1152 857 1186 916 et
1210 849 1361 916 omnium
1384 849 1533 918 fidelium
1563 851 1618 918 de·

259 955 451 1021 functorum
478 955 520 1021 de
545 954 667 1039 quibus
689 953 807 1022 habuit
830 955 872 1020 de
895 952 991 1019 bonis
1014 953 1085 1020 suis
1108 953 1233 1020 directe
1256 964 1289 1020 et
1313 953 1474 1022 indirecte
1496 965 1530 1022 et
1553 957 1618 1023 hoc

259 1057 348 1124 idem
372 1058 471 1124 faciet
494 1057 685 1143 quicunque
708 1056 903 1142 capellanus
926 1066 1002 1142 post
1026 1059 1201 1123 decessum
1225 1056 1305 1124 dicti
1327 1056 1455 1123 domini
1479 1057 1618 1124 Ioannis

260 1162 448 1248 predictum
479 1161 646 1246 hospitale
683 1182 803 1246 regens
834 1159 966 1227 Deinde
995 1161 1145 1246 prefatus
1178 1162 1341 1247 magister
1370 1161 1510 1229 ioannes
1540 1185 1617 1230 cum

189 1307 192 1313 Α
261 1267 414 1334 Ihoanne
437 1265 560 1352 kyntor
581 1287 648 1332 vno
671 1265 873 1333 balliuorum
889 1265 985 1350 burgi
1008 1265 1149 1351 predicti
1172 1275 1205 1333 et
1229 1266 1330 1333 certis
1352 1267 1497 1334 testibus
1519 1267 1618 1335 inira·

261 1371 396 1457 scriptis
411 1371 555 1438 accessit
579 1374 622 1438 ad
644 1371 819 1438 dominum
835 1373 1035 1454 deputatum
1051 1393 1112 1456 pro
1127 1372 1258 1456 capella
1274 1381 1307 1438 et
1323 1371 1421 1440 lectis
1443 1373 1524 1440 inibi
1541 1395 1618 1442 con·

261 1477 431 1544 struendis
465 1475 669 1563 Quiquidem
700 1477 846 1543 balliuus
876 1478 916 1542 de
946 1496 1104 1560 expresso
1138 1477 1300 1545 mandato
1329 1478 1436 1564 ipsius
1465 1481 1619 1566 magistri

262 1582 401 1648 Ioannis
412 1582 541 1666 prelato
554 1581 690 1650 domino
702 1580 846 1646 Ihoanni
856 1567 984 1646 statum
997 1580 1146 1646 sasinam
1159 1590 1192 1646 et
1203 1583 1450 1666 possessionem
1461 1606 1521 1670 per
1531 1594 1619 1652 tene

260 1695 294 1752 et
317 1685 439 1771 lapidis
453 1696 489 1752 vt
513 1685 617 1752 moris
632 1695 683 1750 est
706 1684 922 1752 traditionem
946 1684 1036 1750 dedit
1060 1694 1093 1750 et
1110 1683 1297 1770 assignauit
1322 1687 1454 1754 Deinde
1469 1689 1619 1774 prelatus

260 1790 407 1858 balliuus
429 1790 651 1874 personaliter
676 1789 821 1856 accessit
842 1791 884 1856 ad
909 1798 1105 1856 tenementa
1131 1791 1258 1858 henrici
1284 1793 1399 1860 valcat
1419 1803 1452 1860 et
1480 1795 1619 1863 Ioannis

261 1894 471 1962 barklitsoun
494 1893 666 1960 antedicta
689 1903 722 1960 et
746 1893 854 1960 eidem
881 1893 1018 1960 domino
1044 1893 1188 1960 Iohanni
1211 1915 1400 1964 annuorum
1426 1899 1617 1982 reddituum

261 2000 490 2086 predictorum
509 2002 550 2068 de
573 2000 699 2066 eisdem
716 1999 892 2067 annuatim
916 2001 1137 2068 leuandorum
1152 2021 1212 2086 per
1233 2011 1320 2068 terre
1343 2013 1376 2070 et
1396 2003 1518 2090 lapidis
1540 2025 1618 2074 curn

261 2105 398 2172 denario
421 2105 637 2172 traditionem
656 2105 752 2176 dedit
775 2114 809 2172 et
829 2105 1018 2190 assignauit
1042 2105 1137 2172 saluo
1154 2107 1233 2172 Iure
1256 2107 1435 2176 cuiuslibet
1459 2111 1618 2178 SUPER

260 2209 381 2294 quibus
396 2220 429 2278 et
442 2210 584 2296 singulis
599 2210 748 2296 prelatus
768 2211 926 2278 dominus
950 2211 1121 2278 Iohannes
1136 2233 1156 2278 a
1172 2233 1227 2278 me
1249 2213 1381 2280 notario
1396 2215 1531 2299 publico
1554 2216 1618 2284 sibi

260 2315 330 2382 fien'
354 2315 452 2400 petijt
474 2337 578 2382 vnum
601 2326 660 2382 aut
684 2317 780 2401 plura
805 2319 1074 2384 Instrumentum
1089 2317 1142 2382 vel
1165 2316 1393 2386 instrumenta
1414 2321 1500 2388 Acta
1522 2331 1618 2390 erant

260 2420 323 2488 bec
349 2420 384 2486 in
414 2422 514 2488 domo
538 2421 724 2506 capitulare
754 2421 896 2488 ecclesie
923 2421 1126 2506 parochialis
1156 2423 1326 2490 antedicte
1355 2435 1389 2490 et
1414 2427 1620 2495 tenementis

261 2523 441 2592 antedictis
457 2525 540 2592 hora
556 2525 652 2610 quasi
675 2547 808 2592 nouena
824 2536 903 2593 ante
918 2525 1092 2592 meridiem
1116 2547 1205 2594 anno
1221 2527 1274 2594 die
1290 2549 1406 2596 mense
1430 2530 1619 2598 Indictione

261 2639 295 2696 et
321 2629 521 2714 pontificatu
547 2629 669 2716 quibus
691 2651 793 2716 supra
818 2631 1031 2716 presentibus
1057 2631 1181 2698 ibidem
1209 2633 1362 2700 Iohanne
1388 2634 1454 2720 lyle
1483 2637 1619 2704 Andrea

261 2733 394 2800 cullane
420 2735 557 2802 matheo
583 2734 698 2820 lychat
720 2736 896 2804 Willelmo
922 2738 1083 2804 Wocatte
1108 2739 1331 2822 burgensibus
1358 2740 1485 2806 Ioanne
1508 2742 1620 2810 Waus

159 2853 162 2860 “
262 2840 389 2906 Ioanne
415 2840 562 2907 tullideff
584 2839 771 2926 sergiandis
798 2843 926 2911 Ioanne
955 2842 1102 2928 gudlade
1125 2843 1306 2910 alexandro
1335 2855 1434 2912 vocat
1463 2847 1618 2914 Iohanne

261 2945 406 3012 modane
415 2945 614 3013 christofero
625 2947 771 3014 holande
782 2946 969 3014 lauerentio
979 2949 1117 3014 stuerok
1128 2949 1313 3034 capellanis
1322 2971 1400 3016 curn
1413 2950 1531 3018 multis
1540 2951 1620 3038 'alijs

390 3105 436 3170 Et
453 3125 514 3190 ego
530 3105 666 3172 thomas
681 3107 722 3171 de
737 3105 800 3172 leis
819 3107 993 3191 presbyter
1012 3099 1246 3174 abirdonensis
1268 3105 1441 3176 dioceseos
1463 3106 1618 3194 publicus

317 3253 342 3298 Ο
389 3209 591 3276 auctoritate
600 3210 778 3296 imperiali
794 3211 946 3278 notarius
961 3211 1136 3296 premissis
1151 3211 1308 3279 omnibus
1323 3223 1356 3278 et
1381 3211 1522 3298 singulis
1537 3215 1617 3280 dum

318 3295 343 3379 ἶ·
389 3314 437 3381 sic
452 3325 488 3382 vt
503 3317 710 3401 premittitur
724 3327 905 3403 agerentur
926 3317 1118 3385 dicerentur
1136 3327 1170 3384 et
1190 3317 1308 3384 fierent
1324 3339 1390 3384 vna
1406 3339 1483 3384 cum
1500 3339 1618 3403 preno-

389 3417 528 3486 minatis
549 3419 694 3488 testibus
717 3421 857 3506 Interfuj
883 3421 1044 3506 Idemque
1060 3420 1124 3487 hoc
1139 3443 1279 3506 presens
1301 3413 1473 3506 publicum
1496 3420 1618 3516 instru-

318 3539 343 3575 ν
389 3535 541 3592 mentum
565 3547 668 3594 manu
691 3527 802 3594 aliena
822 3527 965 3593 fideliter
987 3527 1149 3612 scriptum
1174 3549 1228 3593 me
1251 3527 1352 3592 certis
1375 3525 1451 3593 aliis
1473 3527 1618 3613 negotiis

317 3577 336 3666 Β
389 3643 554 3716 occupato
578 3633 740 3719 signoque
763 3644 796 3700 et
819 3633 955 3700 nomine
982 3633 1067 3700 meis
1093 3631 1202 3700 solitis
1228 3643 1261 3700 et
1288 3633 1459 3700 consuetis
1485 3633 1618 3719 signaui

388 3746 527 3820 rogatus
542 3736 577 3802 in
593 3739 693 3804 fidem
710 3749 742 3804 et
758 3737 991 3805 testimonium
1007 3749 1149 3805 vocatus
1164 3738 1314 3805 omnium
1330 3737 1571 3824 premissorum

392 3883 467 3949 Hec
491 3893 541 3950 est
562 3906 641 3952 vera
664 3895 697 3952 et
722 3886 918 3954 Indubitata
941 3885 1038 3972 copia
1060 3885 1257 3972 principalis
1280 3886 1502 3954 Instrumenti
1517 3887 1620 3954 dona·

317 4023 344 4104 9
390 3988 495 4056 tionis
523 3991 752 4058 concessionis
782 4002 815 4058 et
847 3991 1089 4077 assignationis
1118 3991 1261 4058 fideliter
1290 3991 1417 4078 scripta
1447 3994 1488 4060 de
1517 3994 1619 4060 verbo

392 4092 427 4158 in
451 4096 589 4162 verbum
616 4107 649 4164 et
676 4096 899 4164 collacionata
923 4119 982 4182 per
1005 4119 1059 4163 me
1082 4097 1282 4182 magistrum
1305 4097 1475 4166 Thomam
1500 4115 1622 4183 zowng

392 4198 571 4266 Notarium
595 4200 766 4284 publicum
790 4200 837 4266 nil
861 4203 1014 4268 addendo
1037 4212 1096 4268 aut
1120 4201 1337 4270 diminuendo
1360 4205 1450 4288 quod
1471 4203 1519 4270 rei
1542 4205 1619 4272 sub·

319 4309 344 4435 ἒ·
392 4303 553 4370 stantiam
571 4313 678 4370 mutet
694 4315 753 4371 aut
778 4305 993 4372 Intellectum
1008 4305 1115 4373 variet
1136 4309 1194 4372 sed
1210 4306 1388 4392 principali
1404 4306 1439 4374 in
1462 4307 1620 4374 omnibus

391 4410 600 4474 concordans
615 4419 702 4476 teste
718 4411 782 4476 hac
799 4433 875 4478 mea
891 4411 1136 4496 subscriptione
1152 4411 1301 4478 manuali
1318 4421 1351 4478 et
1368 4412 1473 4497 Signo
1484 4411 1519 4476 in
1532 4412 1619 4480 Con·

391 4513 559 4582 similibus
574 4517 746 4582 consuetis
761 4526 794 4583 et
810 4515 945 4582 usitatis

591 4623 645 4688 Ita
660 4631 711 4688 est
727 4621 880 4688 Thomas
889 4641 1008 4706 zowng
1024 4621 1185 4688 Notarius
1200 4619 1357 4705 publicus
1367 4621 1473 4686 Manu
1484 4619 1621 4706 propria

311 4105 344 4309 dmm!
