<?xml version="1.0" encoding="UTF-8"?>
<!DOCTYPE html PUBLIC "-//W3C//DTD XHTML 1.0 Transitional//EN"
    "http://www.w3.org/TR/xhtml1/DTD/xhtml1-transitional.dtd">
<html xmlns="http://www.w3.org/1999/xhtml" xml:lang="en" lang="en">
 <head>
  <title>
</title>
<meta http-equiv="Content-Type" content="text/html;charset=utf-8" />
  <meta name='ocr-system' content='tesseract 3.04.00' />
  <meta name='ocr-capabilities' content='ocr_page ocr_carea ocr_par ocr_line ocrx_word'/>
</head>
<body>
  <div class='ocr_page' id='page_1' title='image "./cartulariumeccl00logagoog_0218.png"; bbox 0 0 4460 5984; ppageno 0'>
   <div class='ocr_carea' id='block_1_1' title="bbox 526 631 1591 722">
    <p class='ocr_par' dir='ltr' id='par_1_1' title="bbox 526 631 1591 722">
     <span class='ocr_line' id='line_1_1' title="bbox 526 631 1591 722; baseline -0.002 -18"><span class='ocrx_word' id='word_1_1' title='bbox 526 661 528 666; x_wconf 95' lang='lat'>·</span> <span class='ocrx_word' id='word_1_2' title='bbox 556 653 619 722; x_wconf 87' lang='lat'><strong>190</strong></span> <span class='ocrx_word' id='word_1_3' title='bbox 869 633 1041 708; x_wconf 75' lang='lat' dir='ltr'><strong>comm</strong></span> <span class='ocrx_word' id='word_1_4' title='bbox 1061 635 1194 701; x_wconf 73' lang='lat' dir='ltr'><strong>Rmtale</strong></span> <span class='ocrx_word' id='word_1_5' title='bbox 1215 633 1457 722; x_wconf 67' lang='lat' dir='ltr'><strong>capellam</strong></span> <span class='ocrx_word' id='word_1_6' title='bbox 1470 631 1591 702; x_wconf 66' lang='lat' dir='ltr'><strong>aeteae</strong></span> 
     </span>
    </p>
   </div>
   <div class='ocr_carea' id='block_1_2' title="bbox 554 804 1913 2646">
    <p class='ocr_par' dir='ltr' id='par_1_2' title="bbox 555 804 1912 1096">
     <span class='ocr_line' id='line_1_2' title="bbox 645 804 1911 896; baseline -0.003 -20"><span class='ocrx_word' id='word_1_7' title='bbox 645 811 734 876; x_wconf 86' lang='lat' dir='ltr'><strong>Item</strong></span> <span class='ocrx_word' id='word_1_8' title='bbox 749 829 810 896; x_wconf 92' lang='lat' dir='ltr'><strong>pro</strong></span> <span class='ocrx_word' id='word_1_9' title='bbox 825 809 944 876; x_wconf 87' lang='lat' dir='ltr'><strong>eodem</strong></span> <span class='ocrx_word' id='word_1_10' title='bbox 960 809 1002 876; x_wconf 95' lang='lat' dir='ltr'><strong>de</strong></span> <span class='ocrx_word' id='word_1_11' title='bbox 1016 817 1106 876; x_wconf 88' lang='lat' dir='ltr'><strong>terra</strong></span> <span class='ocrx_word' id='word_1_12' title='bbox 1121 807 1291 893; x_wconf 86' lang='lat' dir='ltr'><strong>quondam</strong></span> <span class='ocrx_word' id='word_1_13' title='bbox 1312 807 1428 876; x_wconf 88' lang='lat' dir='ltr'><strong>thome</strong></span> <span class='ocrx_word' id='word_1_14' title='bbox 1444 829 1489 895; x_wconf 86' lang='lat' dir='ltr'><strong>og</strong></span> <span class='ocrx_word' id='word_1_15' title='bbox 1503 817 1597 874; x_wconf 83' lang='lat' dir='ltr'><strong>extra</strong></span> <span class='ocrx_word' id='word_1_16' title='bbox 1612 816 1745 894; x_wconf 84' lang='lat' dir='ltr'><strong>portam</strong></span> <span class='ocrx_word' id='word_1_17' title='bbox 1760 804 1911 874; x_wconf 88' lang='lat' dir='ltr'><strong>eiusdem</strong></span> 
     </span>
     <span class='ocr_line' id='line_1_3' title="bbox 555 907 1912 998; baseline -0.004 -18"><span class='ocrx_word' id='word_1_18' title='bbox 555 911 621 980; x_wconf 86' lang='lat' dir='ltr'><strong>vici</strong></span> <span class='ocrx_word' id='word_1_19' title='bbox 651 933 741 981; x_wconf 92' lang='lat' dir='ltr'><strong>nunc</strong></span> <span class='ocrx_word' id='word_1_20' title='bbox 773 911 912 980; x_wconf 86' lang='lat' dir='ltr'><strong>Ioannis</strong></span> <span class='ocrx_word' id='word_1_21' title='bbox 942 933 1079 998; x_wconf 89' lang='lat' dir='ltr'><strong>murray</strong></span> <span class='ocrx_word' id='word_1_22' title='bbox 1109 909 1255 978; x_wconf 89' lang='lat' dir='ltr'><strong>Iunion&#39;s</strong></span> <span class='ocrx_word' id='word_1_23' title='bbox 1284 931 1344 998; x_wconf 92' lang='lat' dir='ltr'><strong>per</strong></span> <span class='ocrx_word' id='word_1_24' title='bbox 1373 931 1436 978; x_wconf 89' lang='lat' dir='ltr'><strong>nos</strong></span> <span class='ocrx_word' id='word_1_25' title='bbox 1465 909 1660 997; x_wconf 81' lang='lat' dir='ltr'><strong>capellanos</strong></span> <span class='ocrx_word' id='word_1_26' title='bbox 1689 909 1782 994; x_wconf 84' lang='lat' dir='ltr'><strong>chorj</strong></span> <span class='ocrx_word' id='word_1_27' title='bbox 1810 907 1912 975; x_wconf 81' lang='lat' dir='ltr'><strong>infeo-</strong></span> 
     </span>
     <span class='ocr_line' id='line_1_4' title="bbox 555 1008 1912 1096; baseline -0.002 -15"><span class='ocrx_word' id='word_1_28' title='bbox 555 1009 626 1083; x_wconf 86' lang='lat' dir='ltr'><strong>dati</strong></span> <span class='ocrx_word' id='word_1_29' title='bbox 1702 1011 1734 1096; x_wconf 87' lang='lat' dir='ltr'><strong>vj</strong></span> <span class='ocrx_word' id='word_1_30' title='bbox 1753 1009 1841 1095; x_wconf 91' lang='lat' dir='ltr'><strong>sviij</strong></span> <span class='ocrx_word' id='word_1_31' title='bbox 1858 1008 1912 1078; x_wconf 83' lang='lat' dir='ltr'><strong>d·</strong></span> 
     </span>
    </p>

    <p class='ocr_par' dir='ltr' id='par_1_3' title="bbox 643 1115 994 1186">
     <span class='ocr_line' id='line_1_5' title="bbox 643 1115 994 1186; baseline -0.011 0"><span class='ocrx_word' id='word_1_32' title='bbox 643 1119 786 1186; x_wconf 86' lang='lat' dir='ltr'><strong>Summa</strong></span> <span class='ocrx_word' id='word_1_33' title='bbox 802 1115 904 1184; x_wconf 88' lang='lat' dir='ltr'><strong>huius</strong></span> <span class='ocrx_word' id='word_1_34' title='bbox 919 1137 962 1182; x_wconf 86' lang='lat' dir='ltr'><strong>xx</strong></span> <span class='ocrx_word' id='word_1_35' title='bbox 978 1135 994 1182; x_wconf 91' lang='lat' dir='ltr'><strong>s</strong></span> 
     </span>
    </p>

    <p class='ocr_par' dir='ltr' id='par_1_4' title="bbox 556 1213 1913 1407">
     <span class='ocr_line' id='line_1_6' title="bbox 643 1213 1913 1306; baseline -0.005 -20"><span class='ocrx_word' id='word_1_36' title='bbox 643 1221 730 1286; x_wconf 88' lang='lat' dir='ltr'>Item</span> <span class='ocrx_word' id='word_1_37' title='bbox 750 1239 812 1306; x_wconf 92' lang='lat' dir='ltr'><strong>pro</strong></span> <span class='ocrx_word' id='word_1_38' title='bbox 827 1217 965 1284; x_wconf 86' lang='lat' dir='ltr'><strong>matheo</strong></span> <span class='ocrx_word' id='word_1_39' title='bbox 980 1217 1084 1284; x_wconf 87' lang='lat' dir='ltr'><strong>fichat</strong></span> <span class='ocrx_word' id='word_1_40' title='bbox 1107 1217 1149 1282; x_wconf 90' lang='lat' dir='ltr'><strong>de</strong></span> <span class='ocrx_word' id='word_1_41' title='bbox 1171 1225 1261 1282; x_wconf 88' lang='lat' dir='ltr'><strong>terra</strong></span> <span class='ocrx_word' id='word_1_42' title='bbox 1284 1216 1410 1284; x_wconf 90' lang='lat' dir='ltr'><strong>boreali</strong></span> <span class='ocrx_word' id='word_1_43' title='bbox 1433 1217 1604 1301; x_wconf 87' lang='lat' dir='ltr'><strong>quondam</strong></span> <span class='ocrx_word' id='word_1_44' title='bbox 1628 1213 1767 1282; x_wconf 89' lang='lat' dir='ltr'><strong>Ioannis</strong></span> <span class='ocrx_word' id='word_1_45' title='bbox 1789 1213 1913 1282; x_wconf 90' lang='lat' dir='ltr'><strong>lmollis</strong></span> 
     </span>
     <span class='ocr_line' id='line_1_7' title="bbox 556 1319 1913 1407; baseline -0.001 -19"><span class='ocrx_word' id='word_1_46' title='bbox 556 1320 695 1390; x_wconf 86' lang='lat' dir='ltr'><strong>Iacente</strong></span> <span class='ocrx_word' id='word_1_47' title='bbox 710 1322 745 1387; x_wconf 94' lang='lat' dir='ltr'><strong>in</strong></span> <span class='ocrx_word' id='word_1_48' title='bbox 761 1321 795 1407; x_wconf 91' lang='lat' dir='ltr'><strong>ly</strong></span> <span class='ocrx_word' id='word_1_49' title='bbox 810 1321 970 1406; x_wconf 87' lang='lat' dir='ltr'><strong>gaistraw</strong></span> <span class='ocrx_word' id='word_1_50' title='bbox 986 1341 1027 1386; x_wconf 85' lang='lat' dir='ltr'><strong>ex</strong></span> <span class='ocrx_word' id='word_1_51' title='bbox 1042 1319 1243 1386; x_wconf 89' lang='lat' dir='ltr'><strong>occidentali</strong></span> <span class='ocrx_word' id='word_1_52' title='bbox 1260 1329 1355 1405; x_wconf 85' lang='lat' dir='ltr'><strong>parte</strong></span> <span class='ocrx_word' id='word_1_53' title='bbox 1371 1319 1522 1386; x_wconf 88' lang='lat' dir='ltr'><strong>eiusdem</strong></span> <span class='ocrx_word' id='word_1_54' title='bbox 1805 1339 1849 1384; x_wconf 84' lang='lat' dir='ltr'><strong>xx</strong></span> <span class='ocrx_word' id='word_1_55' title='bbox 1864 1319 1913 1386; x_wconf 89' lang='lat' dir='ltr'><strong>s†</strong></span> 
     </span>
    </p>

    <p class='ocr_par' dir='ltr' id='par_1_5' title="bbox 642 1427 992 1495">
     <span class='ocr_line' id='line_1_8' title="bbox 642 1427 992 1495; baseline -0.011 0"><span class='ocrx_word' id='word_1_56' title='bbox 642 1428 785 1495; x_wconf 90' lang='lat' dir='ltr'><strong>Summa</strong></span> <span class='ocrx_word' id='word_1_57' title='bbox 800 1427 902 1493; x_wconf 88' lang='lat' dir='ltr'><strong>huius</strong></span> <span class='ocrx_word' id='word_1_58' title='bbox 917 1447 960 1492; x_wconf 86' lang='lat' dir='ltr'><strong>xx</strong></span> <span class='ocrx_word' id='word_1_59' title='bbox 976 1447 992 1491; x_wconf 90' lang='lat' dir='ltr'><strong>s</strong></span> 
     </span>
    </p>

    <p class='ocr_par' dir='ltr' id='par_1_6' title="bbox 554 1525 1912 1709">
     <span class='ocr_line' id='line_1_9' title="bbox 643 1525 1912 1616; baseline -0.003 -20"><span class='ocrx_word' id='word_1_60' title='bbox 643 1531 731 1596; x_wconf 88' lang='lat' dir='ltr'><strong>Item</strong></span> <span class='ocrx_word' id='word_1_61' title='bbox 748 1551 808 1616; x_wconf 92' lang='lat' dir='ltr'><strong>pro</strong></span> <span class='ocrx_word' id='word_1_62' title='bbox 819 1529 974 1598; x_wconf 90' lang='lat' dir='ltr'><strong>Waltero</strong></span> <span class='ocrx_word' id='word_1_63' title='bbox 986 1528 1169 1594; x_wconf 89' lang='lat' dir='ltr'><strong>thomsoun</strong></span> <span class='ocrx_word' id='word_1_64' title='bbox 1185 1528 1226 1594; x_wconf 94' lang='lat' dir='ltr'><strong>de</strong></span> <span class='ocrx_word' id='word_1_65' title='bbox 1241 1536 1330 1594; x_wconf 84' lang='lat' dir='ltr'><strong>terra</strong></span> <span class='ocrx_word' id='word_1_66' title='bbox 1342 1529 1512 1612; x_wconf 88' lang='lat' dir='ltr'><strong>quondam</strong></span> <span class='ocrx_word' id='word_1_67' title='bbox 1527 1525 1666 1593; x_wconf 88' lang='lat' dir='ltr'><strong>Ioannis</strong></span> <span class='ocrx_word' id='word_1_68' title='bbox 1677 1526 1912 1611; x_wconf 83' lang='lat' dir='ltr'><strong>huytzousoun</strong></span> 
     </span>
     <span class='ocr_line' id='line_1_10' title="bbox 554 1628 1911 1709; baseline -0.004 -9"><span class='ocrx_word' id='word_1_69' title='bbox 554 1633 590 1700; x_wconf 92' lang='lat' dir='ltr'><strong>in</strong></span> <span class='ocrx_word' id='word_1_70' title='bbox 606 1633 629 1700; x_wconf 92' lang='lat' dir='ltr'><strong>li</strong></span> <span class='ocrx_word' id='word_1_71' title='bbox 645 1634 858 1700; x_wconf 86' lang='lat' dir='ltr'><strong>hukstarraw</strong></span> <span class='ocrx_word' id='word_1_72' title='bbox 873 1653 962 1698; x_wconf 92' lang='lat' dir='ltr'><strong>nunc</strong></span> <span class='ocrx_word' id='word_1_73' title='bbox 978 1630 1144 1700; x_wconf 88' lang='lat' dir='ltr'><strong>Willelmi</strong></span> <span class='ocrx_word' id='word_1_74' title='bbox 1160 1631 1292 1697; x_wconf 81' lang='lat' dir='ltr'>rolland</span> <span class='ocrx_word' id='word_1_75' title='bbox 1308 1630 1342 1696; x_wconf 93' lang='lat' dir='ltr'><strong>in</strong></span> <span class='ocrx_word' id='word_1_76' title='bbox 1358 1629 1432 1696; x_wconf 90' lang='lat' dir='ltr'><strong>vico</strong></span> <span class='ocrx_word' id='word_1_77' title='bbox 1448 1628 1551 1696; x_wconf 79' lang='lat' dir='ltr'><strong>castri</strong></span> <span class='ocrx_word' id='word_1_78' title='bbox 1826 1649 1848 1694; x_wconf 87' lang='lat' dir='ltr'><strong>x</strong></span> <span class='ocrx_word' id='word_1_79' title='bbox 1863 1631 1911 1709; x_wconf 70' lang='lat' dir='ltr'><strong>st</strong></span> 
     </span>
    </p>

    <p class='ocr_par' dir='ltr' id='par_1_7' title="bbox 642 1731 1053 1806">
     <span class='ocr_line' id='line_1_11' title="bbox 642 1731 1053 1806; baseline -0.015 0"><span class='ocrx_word' id='word_1_80' title='bbox 642 1739 785 1806; x_wconf 88' lang='lat' dir='ltr'><strong>Summa</strong></span> <span class='ocrx_word' id='word_1_81' title='bbox 800 1737 902 1804; x_wconf 79' lang='lat' dir='ltr'><strong>huius</strong></span> <span class='ocrx_word' id='word_1_82' title='bbox 917 1757 971 1802; x_wconf 86' lang='lat' dir='ltr'><strong>xs</strong></span> <span class='ocrx_word' id='word_1_83' title='bbox 1052 1731 1053 1736; x_wconf 68' lang='grc'>’</span> 
     </span>
    </p>

    <p class='ocr_par' dir='ltr' id='par_1_8' title="bbox 554 1835 1912 2128">
     <span class='ocr_line' id='line_1_12' title="bbox 643 1835 1912 1926; baseline -0.005 -19"><span class='ocrx_word' id='word_1_84' title='bbox 643 1843 731 1908; x_wconf 85' lang='lat' dir='ltr'><strong>Item</strong></span> <span class='ocrx_word' id='word_1_85' title='bbox 755 1861 816 1926; x_wconf 92' lang='lat' dir='ltr'><strong>pro</strong></span> <span class='ocrx_word' id='word_1_86' title='bbox 831 1839 987 1908; x_wconf 89' lang='lat' dir='ltr'><strong>Waltero</strong></span> <span class='ocrx_word' id='word_1_87' title='bbox 1011 1836 1160 1903; x_wconf 81' lang='lat' dir='ltr'><strong>achneill</strong></span> <span class='ocrx_word' id='word_1_88' title='bbox 1178 1835 1314 1904; x_wconf 90' lang='lat' dir='ltr'><strong>Iuniore</strong></span> <span class='ocrx_word' id='word_1_89' title='bbox 1337 1837 1378 1904; x_wconf 87' lang='lat' dir='ltr'><strong>de</strong></span> <span class='ocrx_word' id='word_1_90' title='bbox 1399 1845 1490 1904; x_wconf 87' lang='lat' dir='ltr'><strong>terra</strong></span> <span class='ocrx_word' id='word_1_91' title='bbox 1513 1835 1594 1903; x_wconf 90' lang='lat' dir='ltr'><strong>dicti</strong></span> <span class='ocrx_word' id='word_1_92' title='bbox 1610 1835 1755 1922; x_wconf 71' lang='lat' dir='ltr'><strong>Walteq&#39;</strong></span> <span class='ocrx_word' id='word_1_93' title='bbox 1774 1835 1912 1902; x_wconf 89' lang='lat' dir='ltr'><strong>Iacente</strong></span> 
     </span>
     <span class='ocr_line' id='line_1_13' title="bbox 554 1937 1912 2028; baseline -0.003 -20"><span class='ocrx_word' id='word_1_94' title='bbox 554 1942 589 2009; x_wconf 91' lang='lat' dir='ltr'><strong>in</strong></span> <span class='ocrx_word' id='word_1_95' title='bbox 605 1941 680 2009; x_wconf 86' lang='lat' dir='ltr'><strong>vieo</strong></span> <span class='ocrx_word' id='word_1_96' title='bbox 695 1941 841 2028; x_wconf 65' lang='lat' dir='ltr'><strong>inferiori</strong></span> <span class='ocrx_word' id='word_1_97' title='bbox 866 1939 1008 2010; x_wconf 86' lang='lat' dir='ltr'><strong>ecclesie</strong></span> <span class='ocrx_word' id='word_1_98' title='bbox 1023 1939 1114 2006; x_wconf 87' lang='lat' dir='ltr'><strong>beati</strong></span> <span class='ocrx_word' id='word_1_99' title='bbox 1137 1938 1271 2024; x_wconf 89' lang='lat' dir='ltr'><strong>nicolaij</strong></span> <span class='ocrx_word' id='word_1_100' title='bbox 1289 1939 1377 2005; x_wconf 90' lang='lat' dir='ltr'><strong>inter</strong></span> <span class='ocrx_word' id='word_1_101' title='bbox 1398 1947 1505 2006; x_wconf 87' lang='lat' dir='ltr'><strong>terras</strong></span> <span class='ocrx_word' id='word_1_102' title='bbox 1521 1939 1644 2005; x_wconf 80' lang='lat' dir='ltr'><strong>andree</strong></span> <span class='ocrx_word' id='word_1_103' title='bbox 1659 1937 1726 2004; x_wconf 88' lang='lat' dir='ltr'><strong>low</strong></span> <span class='ocrx_word' id='word_1_104' title='bbox 1740 1947 1773 2004; x_wconf 89' lang='lat' dir='ltr'><strong>et</strong></span> <span class='ocrx_word' id='word_1_105' title='bbox 1789 1939 1912 2004; x_wconf 82' lang='lat' dir='ltr'><strong>andree</strong></span> 
     </span>
     <span class='ocr_line' id='line_1_14' title="bbox 555 2037 1911 2128; baseline -0.006 -14"><span class='ocrx_word' id='word_1_106' title='bbox 555 2048 721 2114; x_wconf 88' lang='lat' dir='ltr'><strong>meldrum</strong></span> <span class='ocrx_word' id='word_1_107' title='bbox 1806 2061 1849 2106; x_wconf 84' lang='lat' dir='ltr'><strong>xx</strong></span> <span class='ocrx_word' id='word_1_108' title='bbox 1865 2037 1911 2128; x_wconf 84' lang='lat' dir='ltr'><strong>s§</strong></span> 
     </span>
    </p>

    <p class='ocr_par' dir='ltr' id='par_1_9' title="bbox 643 2144 992 2217">
     <span class='ocr_line' id='line_1_15' title="bbox 643 2144 992 2217; baseline -0.02 0"><span class='ocrx_word' id='word_1_109' title='bbox 643 2150 786 2217; x_wconf 86' lang='lat' dir='ltr'><strong>Summa</strong></span> <span class='ocrx_word' id='word_1_110' title='bbox 800 2144 901 2212; x_wconf 89' lang='lat' dir='ltr'><strong>huius</strong></span> <span class='ocrx_word' id='word_1_111' title='bbox 917 2165 960 2210; x_wconf 85' lang='lat' dir='ltr'><strong>xx</strong></span> <span class='ocrx_word' id='word_1_112' title='bbox 975 2166 992 2210; x_wconf 89' lang='lat' dir='ltr'><strong>s</strong></span> 
     </span>
    </p>

    <p class='ocr_par' dir='ltr' id='par_1_10' title="bbox 643 2245 1908 2336">
     <span class='ocr_line' id='line_1_16' title="bbox 643 2245 1908 2336; baseline -0.002 -19"><span class='ocrx_word' id='word_1_113' title='bbox 643 2253 731 2318; x_wconf 86' lang='lat' dir='ltr'><strong>Item</strong></span> <span class='ocrx_word' id='word_1_114' title='bbox 747 2247 908 2336; x_wconf 82' lang='lat' dir='ltr'><strong>prepositi</strong></span> <span class='ocrx_word' id='word_1_115' title='bbox 924 2268 1026 2334; x_wconf 89' lang='lat' dir='ltr'><strong>quam</strong></span> <span class='ocrx_word' id='word_1_116' title='bbox 1043 2245 1210 2314; x_wconf 88' lang='lat' dir='ltr'><strong>inhabitat</strong></span> <span class='ocrx_word' id='word_1_117' title='bbox 1226 2245 1403 2314; x_wconf 87' lang='lat' dir='ltr'><strong>Walterus</strong></span> <span class='ocrx_word' id='word_1_118' title='bbox 1419 2245 1505 2314; x_wconf 90' lang='lat' dir='ltr'><strong>blair</strong></span> <span class='ocrx_word' id='word_1_119' title='bbox 1828 2270 1851 2314; x_wconf 88' lang='lat' dir='ltr'>v</span> <span class='ocrx_word' id='word_1_120' title='bbox 1865 2270 1883 2316; x_wconf 92' lang='lat' dir='ltr'><strong>s</strong></span> <span class='ocrx_word' id='word_1_121' title='bbox 1896 2249 1908 2332; x_wconf 80' lang='lat' dir='ltr'><strong>l</strong></span> 
     </span>
    </p>

    <p class='ocr_par' dir='ltr' id='par_1_11' title="bbox 554 2349 1913 2646">
     <span class='ocr_line' id='line_1_17' title="bbox 642 2349 1913 2440; baseline -0.001 -20"><span class='ocrx_word' id='word_1_122' title='bbox 642 2355 730 2420; x_wconf 90' lang='lat' dir='ltr'><strong>Item</strong></span> <span class='ocrx_word' id='word_1_123' title='bbox 751 2373 811 2440; x_wconf 94' lang='lat' dir='ltr'><strong>pro</strong></span> <span class='ocrx_word' id='word_1_124' title='bbox 827 2352 980 2418; x_wconf 88' lang='lat' dir='ltr'><strong>Iohanne</strong></span> <span class='ocrx_word' id='word_1_125' title='bbox 1002 2349 1216 2416; x_wconf 83' lang='lat' dir='ltr'><strong>hutzousoun</strong></span> <span class='ocrx_word' id='word_1_126' title='bbox 1231 2349 1273 2416; x_wconf 89' lang='lat' dir='ltr'><strong>de</strong></span> <span class='ocrx_word' id='word_1_127' title='bbox 1293 2359 1383 2416; x_wconf 91' lang='lat' dir='ltr'><strong>terra</strong></span> <span class='ocrx_word' id='word_1_128' title='bbox 1398 2351 1568 2435; x_wconf 91' lang='lat' dir='ltr'><strong>quondam</strong></span> <span class='ocrx_word' id='word_1_129' title='bbox 1588 2351 1761 2418; x_wconf 84' lang='lat' dir='ltr'><strong>alexandri</strong></span> <span class='ocrx_word' id='word_1_130' title='bbox 1783 2351 1913 2420; x_wconf 90' lang='lat' dir='ltr'><strong>mathe-</strong></span> 
     </span>
     <span class='ocr_line' id='line_1_18' title="bbox 554 2453 1913 2542; baseline -0.001 -16"><span class='ocrx_word' id='word_1_131' title='bbox 554 2478 640 2526; x_wconf 89' lang='lat' dir='ltr'><strong>soun</strong></span> <span class='ocrx_word' id='word_1_132' title='bbox 666 2477 756 2524; x_wconf 92' lang='lat' dir='ltr'><strong>nunc</strong></span> <span class='ocrx_word' id='word_1_133' title='bbox 779 2453 895 2541; x_wconf 87' lang='lat' dir='ltr'><strong>vicarij</strong></span> <span class='ocrx_word' id='word_1_134' title='bbox 921 2455 963 2522; x_wconf 90' lang='lat' dir='ltr'><strong>de</strong></span> <span class='ocrx_word' id='word_1_135' title='bbox 988 2453 1067 2539; x_wconf 86' lang='lat' dir='ltr'><strong>neig</strong></span> <span class='ocrx_word' id='word_1_136' title='bbox 1096 2453 1223 2538; x_wconf 87' lang='lat' dir='ltr'><strong>dominj</strong></span> <span class='ocrx_word' id='word_1_137' title='bbox 1252 2455 1375 2522; x_wconf 86' lang='lat' dir='ltr'><strong>andree</strong></span> <span class='ocrx_word' id='word_1_138' title='bbox 1405 2455 1542 2520; x_wconf 89' lang='lat' dir='ltr'><strong>scherar</strong></span> <span class='ocrx_word' id='word_1_139' title='bbox 1566 2455 1689 2522; x_wconf 87' lang='lat' dir='ltr'><strong>tutoris</strong></span> <span class='ocrx_word' id='word_1_140' title='bbox 1712 2455 1780 2522; x_wconf 90' lang='lat' dir='ltr'><strong>filie</strong></span> <span class='ocrx_word' id='word_1_141' title='bbox 1806 2455 1913 2542; x_wconf 90' lang='lat' dir='ltr'><strong>ipsius</strong></span> 
     </span>
     <span class='ocr_line' id='line_1_19' title="bbox 554 2556 1910 2646; baseline -0.003 -15"><span class='ocrx_word' id='word_1_142' title='bbox 554 2561 727 2631; x_wconf 83' lang='lat' dir='ltr'><strong>alexandri</strong></span> <span class='ocrx_word' id='word_1_143' title='bbox 751 2557 946 2640; x_wconf 28' lang='lat' dir='ltr'><strong>1acente2in</strong></span> <span class='ocrx_word' id='word_1_144' title='bbox 968 2557 1043 2624; x_wconf 89' lang='lat' dir='ltr'><strong>vico</strong></span> <span class='ocrx_word' id='word_1_145' title='bbox 1066 2557 1237 2624; x_wconf 81' lang='lat' dir='ltr'><strong>furcarum</strong></span> <span class='ocrx_word' id='word_1_146' title='bbox 1264 2577 1305 2623; x_wconf 86' lang='lat' dir='ltr'><strong>ex</strong></span> <span class='ocrx_word' id='word_1_147' title='bbox 1330 2556 1531 2624; x_wconf 90' lang='lat' dir='ltr'><strong>occidentali</strong></span> <span class='ocrx_word' id='word_1_148' title='bbox 1556 2567 1651 2643; x_wconf 86' lang='lat' dir='ltr'><strong>parte</strong></span> <span class='ocrx_word' id='word_1_149' title='bbox 1674 2558 1826 2626; x_wconf 87' lang='lat' dir='ltr'><strong>eiusdem</strong></span> <span class='ocrx_word' id='word_1_150' title='bbox 1846 2559 1910 2646; x_wconf 88' lang='lat' dir='ltr'><strong>vicj</strong></span> 
     </span>
    </p>
   </div>
   <div class='ocr_carea' id='block_1_3' title="bbox 1719 2663 2023 2752">
    <p class='ocr_par' dir='ltr' id='par_1_12' title="bbox 1719 2663 2023 2752">
     <span class='ocr_line' id='line_1_20' title="bbox 1719 2663 2023 2752; baseline 0.013 -22"><span class='ocrx_word' id='word_1_151' title='bbox 1719 2663 1912 2752; x_wconf 80' lang='lat' dir='ltr'><strong>xiijsiiijd</strong></span> <span class='ocrx_word' id='word_1_152' title='bbox 2019 2705 2023 2712; x_wconf 85' lang='lat'><em>-</em></span> 
     </span>
    </p>
   </div>
   <div class='ocr_carea' id='block_1_4' title="bbox 523 2765 1915 4216">
    <p class='ocr_par' dir='ltr' id='par_1_13' title="bbox 643 2765 1153 2854">
     <span class='ocr_line' id='line_1_21' title="bbox 643 2765 1153 2854; baseline -0.008 -16"><span class='ocrx_word' id='word_1_153' title='bbox 643 2773 785 2838; x_wconf 86' lang='lat' dir='ltr'><strong>Summa</strong></span> <span class='ocrx_word' id='word_1_154' title='bbox 800 2767 902 2836; x_wconf 89' lang='lat' dir='ltr'><strong>huius</strong></span> <span class='ocrx_word' id='word_1_155' title='bbox 917 2765 974 2853; x_wconf 83' lang='lat' dir='ltr'><strong>xiij</strong></span> <span class='ocrx_word' id='word_1_156' title='bbox 992 2789 1009 2834; x_wconf 86' lang='lat' dir='ltr'><strong>s</strong></span> <span class='ocrx_word' id='word_1_157' title='bbox 1024 2765 1110 2854; x_wconf 88' lang='lat' dir='ltr'><strong>iiijd</strong></span> <span class='ocrx_word' id='word_1_158' title='bbox 1150 2767 1153 2776; x_wconf 77' lang='grc'>’</span> 
     </span>
    </p>

    <p class='ocr_par' dir='ltr' id='par_1_14' title="bbox 523 2869 1914 3365">
     <span class='ocr_line' id='line_1_22' title="bbox 643 2869 1911 2962; baseline -0.001 -19"><span class='ocrx_word' id='word_1_159' title='bbox 643 2877 731 2943; x_wconf 88' lang='lat' dir='ltr'><strong>Item</strong></span> <span class='ocrx_word' id='word_1_160' title='bbox 747 2895 808 2962; x_wconf 93' lang='lat' dir='ltr'><strong>pro</strong></span> <span class='ocrx_word' id='word_1_161' title='bbox 822 2875 979 2941; x_wconf 89' lang='lat' dir='ltr'><strong>duncano</strong></span> <span class='ocrx_word' id='word_1_162' title='bbox 995 2872 1061 2939; x_wconf 90' lang='lat' dir='ltr'><strong>clet</strong></span> <span class='ocrx_word' id='word_1_163' title='bbox 1077 2875 1110 2939; x_wconf 91' lang='lat' dir='ltr'><strong>et</strong></span> <span class='ocrx_word' id='word_1_164' title='bbox 1127 2871 1247 2939; x_wconf 90' lang='lat' dir='ltr'><strong>helena</strong></span> <span class='ocrx_word' id='word_1_165' title='bbox 1263 2869 1336 2938; x_wconf 86' lang='lat' dir='ltr'><strong>eius</strong></span> <span class='ocrx_word' id='word_1_166' title='bbox 1348 2891 1473 2958; x_wconf 86' lang='lat' dir='ltr'><strong>sponsa</strong></span> <span class='ocrx_word' id='word_1_167' title='bbox 1488 2874 1530 2940; x_wconf 92' lang='lat' dir='ltr'><strong>de</strong></span> <span class='ocrx_word' id='word_1_168' title='bbox 1541 2881 1631 2940; x_wconf 88' lang='lat' dir='ltr'><strong>terra</strong></span> <span class='ocrx_word' id='word_1_169' title='bbox 1643 2873 1749 2960; x_wconf 86' lang='lat' dir='ltr'><strong>ipsius</strong></span> <span class='ocrx_word' id='word_1_170' title='bbox 1764 2873 1911 2960; x_wconf 83' lang='lat' dir='ltr'><strong>duncanj</strong></span> 
     </span>
     <span class='ocr_line' id='line_1_23' title="bbox 555 2977 1911 3068; baseline -0.003 -18"><span class='ocrx_word' id='word_1_171' title='bbox 555 2979 636 3050; x_wconf 82' lang='lat' dir='ltr'><strong>oIIm</strong></span> <span class='ocrx_word' id='word_1_172' title='bbox 659 3002 750 3048; x_wconf 90' lang='lat' dir='ltr'><strong>nunc</strong></span> <span class='ocrx_word' id='word_1_173' title='bbox 773 2978 900 3064; x_wconf 91' lang='lat' dir='ltr'><strong>dominj</strong></span> <span class='ocrx_word' id='word_1_174' title='bbox 926 2977 1065 3046; x_wconf 86' lang='lat' dir='ltr'><strong>Ioannis</strong></span> <span class='ocrx_word' id='word_1_175' title='bbox 1090 2977 1257 3046; x_wconf 78' lang='lat' dir='ltr'><strong>rudirlurd</strong></span> <span class='ocrx_word' id='word_1_176' title='bbox 1284 2977 1402 3044; x_wconf 90' lang='lat' dir='ltr'><strong>militis</strong></span> <span class='ocrx_word' id='word_1_177' title='bbox 1430 2979 1568 3046; x_wconf 88' lang='lat' dir='ltr'><strong>lacente</strong></span> <span class='ocrx_word' id='word_1_178' title='bbox 1594 2977 1630 3045; x_wconf 91' lang='lat' dir='ltr'><strong>in</strong></span> <span class='ocrx_word' id='word_1_179' title='bbox 1651 2979 1726 3047; x_wconf 86' lang='lat' dir='ltr'><strong>vico</strong></span> <span class='ocrx_word' id='word_1_180' title='bbox 1749 2979 1911 3068; x_wconf 85' lang='lat' dir='ltr'><strong>superiorj</strong></span> 
     </span>
     <span class='ocr_line' id='line_1_24' title="bbox 555 3081 1914 3172; baseline -0.002 -17"><span class='ocrx_word' id='word_1_181' title='bbox 555 3085 697 3155; x_wconf 85' lang='lat' dir='ltr'><strong>ecclesie</strong></span> <span class='ocrx_word' id='word_1_182' title='bbox 713 3085 781 3170; x_wconf 89' lang='lat' dir='ltr'><strong>diuj</strong></span> <span class='ocrx_word' id='word_1_183' title='bbox 799 3083 934 3170; x_wconf 86' lang='lat' dir='ltr'><strong>nicolaij</strong></span> <span class='ocrx_word' id='word_1_184' title='bbox 1078 3101 1080 3106; x_wconf 82' lang='grc'><strong>’</strong></span> <span class='ocrx_word' id='word_1_185' title='bbox 1313 3086 1315 3094; x_wconf 77' lang='grc'>’</span> <span class='ocrx_word' id='word_1_186' title='bbox 1488 3092 1491 3100; x_wconf 83' lang='grc'><em>’</em></span> <span class='ocrx_word' id='word_1_187' title='bbox 1680 3081 1737 3170; x_wconf 87' lang='lat' dir='ltr'><strong>xiij</strong></span> <span class='ocrx_word' id='word_1_188' title='bbox 1755 3107 1772 3151; x_wconf 86' lang='lat' dir='ltr'><strong>s</strong></span> <span class='ocrx_word' id='word_1_189' title='bbox 1787 3085 1834 3172; x_wconf 88' lang='lat' dir='ltr'><strong>iiij</strong></span> <span class='ocrx_word' id='word_1_190' title='bbox 1852 3087 1914 3162; x_wconf 64' lang='lat' dir='ltr'><strong>dil</strong></span> 
     </span>
     <span class='ocr_line' id='line_1_25' title="bbox 523 3189 1913 3279; baseline 0 -21"><span class='ocrx_word' id='word_1_191' title='bbox 523 3215 525 3218; x_wconf 93' lang='lat'>·</span> <span class='ocrx_word' id='word_1_192' title='bbox 642 3191 809 3279; x_wconf 87' lang='lat' dir='ltr'><strong>Quamuis</strong></span> <span class='ocrx_word' id='word_1_193' title='bbox 824 3189 915 3258; x_wconf 87' lang='lat' dir='ltr'><strong>dicta</strong></span> <span class='ocrx_word' id='word_1_194' title='bbox 930 3199 1020 3258; x_wconf 85' lang='lat' dir='ltr'><strong>terra</strong></span> <span class='ocrx_word' id='word_1_195' title='bbox 1035 3189 1133 3256; x_wconf 88' lang='lat' dir='ltr'><strong>debet</strong></span> <span class='ocrx_word' id='word_1_196' title='bbox 1149 3209 1193 3256; x_wconf 86' lang='lat' dir='ltr'><strong>xx</strong></span> <span class='ocrx_word' id='word_1_197' title='bbox 1208 3209 1225 3256; x_wconf 86' lang='lat' dir='ltr'><strong>s</strong></span> <span class='ocrx_word' id='word_1_198' title='bbox 1240 3190 1427 3257; x_wconf 84' lang='lat' dir='ltr'><strong>secundum</strong></span> <span class='ocrx_word' id='word_1_199' title='bbox 1450 3197 1602 3257; x_wconf 86' lang='lat' dir='ltr'><strong>tenorem</strong></span> <span class='ocrx_word' id='word_1_200' title='bbox 1623 3211 1780 3278; x_wconf 88' lang='lat' dir='ltr'><strong>premeue</strong></span> <span class='ocrx_word' id='word_1_201' title='bbox 1795 3189 1913 3258; x_wconf 84' lang='lat' dir='ltr'><strong>lunda·</strong></span> 
     </span>
     <span class='ocr_line' id='line_1_26' title="bbox 555 3296 660 3365; baseline -0.019 -1"><span class='ocrx_word' id='word_1_202' title='bbox 555 3296 660 3365; x_wconf 91' lang='lat' dir='ltr'><strong>tionis</strong></span> 
     </span>
    </p>

    <p class='ocr_par' dir='ltr' id='par_1_15' title="bbox 555 3395 1914 3696">
     <span class='ocr_line' id='line_1_27' title="bbox 644 3395 1914 3484; baseline 0 -18"><span class='ocrx_word' id='word_1_203' title='bbox 644 3401 732 3466; x_wconf 91' lang='lat' dir='ltr'><strong>Item</strong></span> <span class='ocrx_word' id='word_1_204' title='bbox 756 3419 817 3483; x_wconf 93' lang='lat' dir='ltr'><strong>pro</strong></span> <span class='ocrx_word' id='word_1_205' title='bbox 837 3397 955 3464; x_wconf 85' lang='lat' dir='ltr'><strong>thoma</strong></span> <span class='ocrx_word' id='word_1_206' title='bbox 972 3395 1150 3463; x_wconf 89' lang='lat' dir='ltr'><strong>blinscheil</strong></span> <span class='ocrx_word' id='word_1_207' title='bbox 1174 3399 1215 3463; x_wconf 91' lang='lat' dir='ltr'><strong>de</strong></span> <span class='ocrx_word' id='word_1_208' title='bbox 1238 3405 1327 3464; x_wconf 86' lang='lat' dir='ltr'><strong>terra</strong></span> <span class='ocrx_word' id='word_1_209' title='bbox 1347 3399 1517 3484; x_wconf 87' lang='lat' dir='ltr'><strong>quondam</strong></span> <span class='ocrx_word' id='word_1_210' title='bbox 1540 3397 1707 3466; x_wconf 90' lang='lat' dir='ltr'><strong>Willelmi</strong></span> <span class='ocrx_word' id='word_1_211' title='bbox 1730 3397 1914 3467; x_wconf 82' lang='lat' dir='ltr'><strong>scrimzour</strong></span> 
     </span>
     <span class='ocr_line' id='line_1_28' title="bbox 555 3499 1913 3590; baseline 0 -20"><span class='ocrx_word' id='word_1_212' title='bbox 555 3523 646 3570; x_wconf 91' lang='lat' dir='ltr'><strong>nunc</strong></span> <span class='ocrx_word' id='word_1_213' title='bbox 662 3501 785 3569; x_wconf 89' lang='lat' dir='ltr'><strong>roberti</strong></span> <span class='ocrx_word' id='word_1_214' title='bbox 802 3501 931 3587; x_wconf 82' lang='lat' dir='ltr'><strong>emytht</strong></span> <span class='ocrx_word' id='word_1_215' title='bbox 954 3499 989 3566; x_wconf 94' lang='lat' dir='ltr'><strong>in</strong></span> <span class='ocrx_word' id='word_1_216' title='bbox 1011 3499 1086 3566; x_wconf 89' lang='lat' dir='ltr'><strong>vico</strong></span> <span class='ocrx_word' id='word_1_217' title='bbox 1102 3499 1266 3586; x_wconf 88' lang='lat' dir='ltr'><strong>superiori</strong></span> <span class='ocrx_word' id='word_1_218' title='bbox 1288 3501 1391 3568; x_wconf 88' lang='lat' dir='ltr'><strong>castri</strong></span> <span class='ocrx_word' id='word_1_219' title='bbox 1416 3503 1554 3568; x_wconf 87' lang='lat' dir='ltr'><strong>lacente</strong></span> <span class='ocrx_word' id='word_1_220' title='bbox 1574 3505 1617 3569; x_wconf 86' lang='lat' dir='ltr'><strong>ad</strong></span> <span class='ocrx_word' id='word_1_221' title='bbox 1633 3504 1742 3589; x_wconf 87' lang='lat' dir='ltr'><strong>capud</strong></span> <span class='ocrx_word' id='word_1_222' title='bbox 1757 3503 1821 3590; x_wconf 84' lang='lat' dir='ltr'><strong>vicj</strong></span> <span class='ocrx_word' id='word_1_223' title='bbox 1839 3502 1913 3570; x_wconf 90' lang='lat' dir='ltr'><strong>iuli</strong></span> 
     </span>
     <span class='ocr_line' id='line_1_29' title="bbox 557 3605 1914 3696; baseline 0 -20"><span class='ocrx_word' id='word_1_224' title='bbox 557 3607 707 3676; x_wconf 88' lang='lat' dir='ltr'><strong>heidraw</strong></span> <span class='ocrx_word' id='word_1_225' title='bbox 721 3629 763 3674; x_wconf 88' lang='lat' dir='ltr'><strong>ex</strong></span> <span class='ocrx_word' id='word_1_226' title='bbox 778 3607 933 3676; x_wconf 88' lang='lat' dir='ltr'><strong>orientali</strong></span> <span class='ocrx_word' id='word_1_227' title='bbox 949 3615 1045 3693; x_wconf 89' lang='lat' dir='ltr'><strong>parte</strong></span> <span class='ocrx_word' id='word_1_228' title='bbox 1060 3605 1211 3674; x_wconf 91' lang='lat' dir='ltr'><strong>eiusdem</strong></span> <span class='ocrx_word' id='word_1_229' title='bbox 1670 3607 1727 3696; x_wconf 87' lang='lat' dir='ltr'><strong>xiij</strong></span> <span class='ocrx_word' id='word_1_230' title='bbox 1744 3631 1762 3676; x_wconf 90' lang='lat' dir='ltr'><strong>s</strong></span> <span class='ocrx_word' id='word_1_231' title='bbox 1777 3607 1824 3696; x_wconf 88' lang='lat' dir='ltr'><strong>iiij</strong></span> <span class='ocrx_word' id='word_1_232' title='bbox 1841 3607 1914 3677; x_wconf 77' lang='lat' dir='ltr'><strong>d“</strong></span> 
     </span>
    </p>

    <p class='ocr_par' dir='ltr' id='par_1_16' title="bbox 644 3709 1111 3795">
     <span class='ocr_line' id='line_1_30' title="bbox 644 3709 1111 3795; baseline -0.009 -15"><span class='ocrx_word' id='word_1_233' title='bbox 644 3711 786 3780; x_wconf 90' lang='lat' dir='ltr'><strong>Summa</strong></span> <span class='ocrx_word' id='word_1_234' title='bbox 801 3711 903 3778; x_wconf 89' lang='lat' dir='ltr'><strong>huius</strong></span> <span class='ocrx_word' id='word_1_235' title='bbox 918 3709 975 3795; x_wconf 87' lang='lat' dir='ltr'><strong>xiij</strong></span> <span class='ocrx_word' id='word_1_236' title='bbox 993 3732 1010 3776; x_wconf 88' lang='lat' dir='ltr'><strong>s</strong></span> <span class='ocrx_word' id='word_1_237' title='bbox 1026 3709 1072 3795; x_wconf 86' lang='lat' dir='ltr'><strong>iiij</strong></span> <span class='ocrx_word' id='word_1_238' title='bbox 1090 3711 1111 3776; x_wconf 93' lang='lat' dir='ltr'><strong>d</strong></span> 
     </span>
    </p>

    <p class='ocr_par' dir='ltr' id='par_1_17' title="bbox 555 3811 1915 4112">
     <span class='ocr_line' id='line_1_31' title="bbox 646 3811 1915 3903; baseline 0.001 -21"><span class='ocrx_word' id='word_1_239' title='bbox 646 3815 734 3882; x_wconf 89' lang='lat' dir='ltr'><strong>Item</strong></span> <span class='ocrx_word' id='word_1_240' title='bbox 751 3835 811 3900; x_wconf 92' lang='lat' dir='ltr'><strong>pro</strong></span> <span class='ocrx_word' id='word_1_241' title='bbox 826 3813 964 3882; x_wconf 93' lang='lat' dir='ltr'><strong>domino</strong></span> <span class='ocrx_word' id='word_1_242' title='bbox 979 3811 1155 3882; x_wconf 87' lang='lat' dir='ltr'><strong>Willelmo</strong></span> <span class='ocrx_word' id='word_1_243' title='bbox 1178 3811 1276 3880; x_wconf 89' lang='lat' dir='ltr'><strong>leitht</strong></span> <span class='ocrx_word' id='word_1_244' title='bbox 1299 3815 1341 3880; x_wconf 89' lang='lat' dir='ltr'><strong>de</strong></span> <span class='ocrx_word' id='word_1_245' title='bbox 1363 3821 1454 3882; x_wconf 88' lang='lat' dir='ltr'><strong>terra</strong></span> <span class='ocrx_word' id='word_1_246' title='bbox 1476 3813 1645 3899; x_wconf 89' lang='lat' dir='ltr'><strong>quondam</strong></span> <span class='ocrx_word' id='word_1_247' title='bbox 1662 3813 1793 3902; x_wconf 88' lang='lat' dir='ltr'><strong>patricij</strong></span> <span class='ocrx_word' id='word_1_248' title='bbox 1810 3815 1915 3903; x_wconf 87' lang='lat' dir='ltr'><strong>lesley</strong></span> 
     </span>
     <span class='ocr_line' id='line_1_32' title="bbox 556 3919 1914 4016; baseline 0.001 -30"><span class='ocrx_word' id='word_1_249' title='bbox 556 3919 699 4016; x_wconf 81' lang='lat' dir='ltr'><strong>senipris</strong></span> <span class='ocrx_word' id='word_1_250' title='bbox 714 3919 748 3986; x_wconf 92' lang='lat' dir='ltr'><strong>in</strong></span> <span class='ocrx_word' id='word_1_251' title='bbox 764 3919 839 3987; x_wconf 88' lang='lat' dir='ltr'><strong>vico</strong></span> <span class='ocrx_word' id='word_1_252' title='bbox 850 3919 996 4004; x_wconf 63' lang='lat' dir='ltr'><strong>inferiori</strong></span> <span class='ocrx_word' id='word_1_253' title='bbox 1010 3919 1152 3986; x_wconf 89' lang='lat' dir='ltr'><strong>ecclesie</strong></span> <span class='ocrx_word' id='word_1_254' title='bbox 1163 3939 1266 4004; x_wconf 88' lang='lat' dir='ltr'><strong>quam</strong></span> <span class='ocrx_word' id='word_1_255' title='bbox 1279 3919 1446 3987; x_wconf 88' lang='lat' dir='ltr'><strong>inhabitat</strong></span> <span class='ocrx_word' id='word_1_256' title='bbox 1457 3939 1540 3987; x_wconf 88' lang='lat' dir='ltr'><strong>vxor</strong></span> <span class='ocrx_word' id='word_1_257' title='bbox 1550 3920 1701 3988; x_wconf 86' lang='lat' dir='ltr'><strong>eiusdem</strong></span> <span class='ocrx_word' id='word_1_258' title='bbox 1717 3943 1758 3988; x_wconf 86' lang='lat' dir='ltr'><strong>ex</strong></span> <span class='ocrx_word' id='word_1_259' title='bbox 1773 3921 1914 3989; x_wconf 89' lang='lat' dir='ltr'><strong>australi</strong></span> 
     </span>
     <span class='ocr_line' id='line_1_33' title="bbox 555 4023 1914 4112; baseline 0.004 -22"><span class='ocrx_word' id='word_1_260' title='bbox 555 4033 652 4110; x_wconf 88' lang='lat' dir='ltr'><strong>parte</strong></span> <span class='ocrx_word' id='word_1_261' title='bbox 668 4024 818 4092; x_wconf 84' lang='lat' dir='ltr'><strong>eiusdem</strong></span> <span class='ocrx_word' id='word_1_262' title='bbox 833 4023 898 4112; x_wconf 89' lang='lat' dir='ltr'><strong>vicj</strong></span> <span class='ocrx_word' id='word_1_263' title='bbox 1770 4025 1824 4112; x_wconf 82' lang='lat' dir='ltr'><strong>xvj</strong></span> <span class='ocrx_word' id='word_1_264' title='bbox 1842 4027 1914 4096; x_wconf 86' lang='lat' dir='ltr'><strong>s††</strong></span> 
     </span>
    </p>

    <p class='ocr_par' dir='ltr' id='par_1_18' title="bbox 643 4129 1005 4216">
     <span class='ocr_line' id='line_1_34' title="bbox 643 4129 1005 4216; baseline -0.003 -19"><span class='ocrx_word' id='word_1_265' title='bbox 643 4130 785 4197; x_wconf 86' lang='lat' dir='ltr'><strong>Summa</strong></span> <span class='ocrx_word' id='word_1_266' title='bbox 801 4129 902 4196; x_wconf 87' lang='lat' dir='ltr'><strong>huius</strong></span> <span class='ocrx_word' id='word_1_267' title='bbox 916 4129 970 4216; x_wconf 86' lang='lat' dir='ltr'><strong>xvj</strong></span> <span class='ocrx_word' id='word_1_268' title='bbox 988 4151 1005 4196; x_wconf 93' lang='lat' dir='ltr'><strong>s</strong></span> 
     </span>
    </p>
   </div>
   <div class='ocr_carea' id='block_1_5' title="bbox 641 4347 1692 4662">
    <p class='ocr_par' dir='ltr' id='par_1_19' title="bbox 641 4347 1692 4662">
     <span class='ocr_line' id='line_1_35' title="bbox 645 4347 1692 4414; baseline -0.001 -15"><span class='ocrx_word' id='word_1_269' title='bbox 645 4353 659 4380; x_wconf 76' lang='lat'>⁸</span> <span class='ocrx_word' id='word_1_270' title='bbox 675 4347 807 4400; x_wconf 85' lang='lat' dir='ltr'><strong>Heredum</strong></span> <span class='ocrx_word' id='word_1_271' title='bbox 818 4349 925 4400; x_wconf 85' lang='lat' dir='ltr'><strong>villelmi</strong></span> <span class='ocrx_word' id='word_1_272' title='bbox 936 4349 1058 4400; x_wconf 83' lang='lat' dir='ltr'><strong>ranaleon</strong></span> <span class='ocrx_word' id='word_1_273' title='bbox 1069 4348 1267 4414; x_wconf 78' lang='lat' dir='ltr'><strong>locataproxe</strong></span> <span class='ocrx_word' id='word_1_274' title='bbox 1429 4350 1442 4412; x_wconf 80' lang='grc' dir='ltr'><strong>ΙΙ</strong></span> <span class='ocrx_word' id='word_1_275' title='bbox 1455 4347 1557 4398; x_wconf 84' lang='lat' dir='ltr'><strong>Andree</strong></span> <span class='ocrx_word' id='word_1_276' title='bbox 1567 4355 1692 4414; x_wconf 76' lang='lat' dir='ltr'><strong>mengree</strong></span> 
     </span>
     <span class='ocr_line' id='line_1_36' title="bbox 642 4429 1680 4496; baseline -0.005 -11"><span class='ocrx_word' id='word_1_277' title='bbox 642 4431 775 4488; x_wconf 68' lang='lat' dir='ltr'><strong>ennom</strong></span> <span class='ocrx_word' id='word_1_278' title='bbox 784 4431 835 4496; x_wconf 75' lang='lat' dir='ltr'><strong>Jnk</strong></span> <span class='ocrx_word' id='word_1_279' title='bbox 1428 4437 1450 4491; x_wconf 67' lang='grc' dir='ltr'>ἱ</span> <span class='ocrx_word' id='word_1_280' title='bbox 1463 4429 1566 4496; x_wconf 76' lang='lat' dir='ltr'><strong>Patrieij</strong></span> <span class='ocrx_word' id='word_1_281' title='bbox 1579 4431 1680 4481; x_wconf 87' lang='lat' dir='ltr'><strong>lolrhart</strong></span> 
     </span>
     <span class='ocr_line' id='line_1_37' title="bbox 644 4511 1650 4578; baseline 0 -16"><span class='ocrx_word' id='word_1_282' title='bbox 644 4514 655 4576; x_wconf 74' lang='lat' dir='ltr'><strong>t</strong></span> <span class='ocrx_word' id='word_1_283' title='bbox 670 4513 701 4562; x_wconf 92' lang='lat' dir='ltr'><strong>ln</strong></span> <span class='ocrx_word' id='word_1_284' title='bbox 713 4511 833 4563; x_wconf 76' lang='lat' dir='ltr'><strong>manibus</strong></span> <span class='ocrx_word' id='word_1_285' title='bbox 847 4513 935 4564; x_wconf 85' lang='lat' dir='ltr'><strong>thome</strong></span> <span class='ocrx_word' id='word_1_286' title='bbox 946 4511 1015 4578; x_wconf 79' lang='lat' dir='ltr'><strong>duvy</strong></span> <span class='ocrx_word' id='word_1_287' title='bbox 1424 4511 1456 4540; x_wconf 79' lang='lat'><strong>”</strong></span> <span class='ocrx_word' id='word_1_288' title='bbox 1468 4511 1578 4562; x_wconf 79' lang='lat' dir='ltr'><strong>Gllbeni</strong></span> <span class='ocrx_word' id='word_1_289' title='bbox 1590 4511 1650 4562; x_wconf 84' lang='lat' dir='ltr'><strong>blak</strong></span> 
     </span>
     <span class='ocr_line' id='line_1_38' title="bbox 641 4595 1642 4662; baseline 0.002 -18"><span class='ocrx_word' id='word_1_290' title='bbox 641 4599 655 4658; x_wconf 64' lang='grc' dir='ltr'><strong>ς</strong></span> <span class='ocrx_word' id='word_1_291' title='bbox 668 4595 777 4646; x_wconf 80' lang='lat' dir='ltr'><strong>Dauidie</strong></span> <span class='ocrx_word' id='word_1_292' title='bbox 788 4595 909 4662; x_wconf 71' lang='lat' dir='ltr'><strong>Ierguson</strong></span> <span class='ocrx_word' id='word_1_293' title='bbox 1428 4597 1463 4657; x_wconf 74' lang='grc' dir='ltr'><strong>Η·</strong></span> <span class='ocrx_word' id='word_1_294' title='bbox 1473 4595 1564 4660; x_wconf 77' lang='lat' dir='ltr'><strong>Jaooot</strong></span> <span class='ocrx_word' id='word_1_295' title='bbox 1576 4595 1642 4661; x_wconf 82' lang='lat' dir='ltr'><strong>lesly</strong></span> 
     </span>
    </p>
   </div>
   <div class='ocr_carea' id='block_1_6' title="bbox 0 0 2235 5984">
    <p class='ocr_par' dir='ltr' id='par_1_20' title="bbox 0 0 2235 5984">
     <span class='ocr_line' id='line_1_39' title="bbox 0 0 2235 5984; baseline 0 0"><span class='ocrx_word' id='word_1_296' title='bbox 0 0 2235 5984; x_wconf 95' lang='lat' dir='ltr'><strong> </strong></span> 
     </span>
    </p>
   </div>
  </div>
 </body>
</html>
