4460 5984
1025 687 1126 756 Carra
1147 687 1284 754 Domini
1305 687 1418 754 Dauid
1443 687 1539 754 Waus

724 861 799 928 Hec
830 871 881 928 est
907 883 986 928 vera
1011 871 1045 928 et
1075 859 1266 928 indubitata
1295 859 1393 946 copia
1422 859 1617 947 principalis
1642 871 1735 929 carte
1763 863 1952 932 ieudifirme

722 963 944 1033 collacionata
970 985 1030 1050 per
1055 985 1109 1031 me
1136 963 1336 1050 magistrum
1365 964 1552 1032 Iohannem
1578 965 1779 1032 nicholsoun
1806 967 1951 1034 scribam

689 1120 690 1123 η
722 1069 812 1136 curie
842 1069 1043 1136 balliuorum
1075 1069 1346 1136 abirdonensium
1382 1091 1422 1135 ac
1458 1069 1626 1137 notarium
1658 1070 1830 1156 publicum
1865 1072 1950 1138 nihil

721 1175 874 1242 addendo
903 1183 962 1240 aut
993 1173 1210 1242 diminuendo
1240 1177 1329 1258 quod
1358 1174 1438 1241 iacti
1469 1176 1694 1242 substantiam
1727 1187 1859 1244 mutare
1890 1199 1951 1246 seu

720 1279 850 1346 variare
875 1279 998 1365 poterit
1022 1281 1081 1346 sed
1107 1282 1315 1348 concordans
1341 1301 1418 1347 curn
1446 1301 1507 1347 suo
1529 1280 1706 1366 principali
1731 1281 1885 1366 originali
1908 1283 1950 1350 de

720 1385 821 1452 verbo
837 1384 871 1450 in
886 1387 1025 1454 verbum
1041 1393 1129 1452 teste
1144 1384 1209 1452 hac
1225 1407 1301 1452 mea
1317 1385 1561 1471 subscriptione
1577 1386 1727 1472 manualj

808 1489 863 1556 Ita
875 1500 927 1558 est
939 1489 1101 1576 magister
1117 1491 1287 1556 Iohannes
1302 1489 1502 1558 nicholsoun
1519 1491 1628 1558 scriba
1640 1491 1731 1558 curie
1747 1491 1948 1558 balliuorum

895 1593 991 1680 burgi
1017 1597 1058 1662 de
1078 1595 1252 1664 Aberdene
1277 1615 1317 1662 ac
1341 1595 1493 1662 notarius
1516 1595 1671 1680 publicus
1691 1597 1734 1664 ad
1757 1595 1820 1664 hec
1844 1617 1949 1664 manu

893 1720 1028 1786 propria

1178 1889 1181 1896 ’
1228 1873 1307 1940 011.

364 2017 411 2072 tol.
424 2018 472 2073 80ι
685 2013 873 2082 MNIBUS
888 2013 975 2080 hanc
992 2021 1120 2080 cartam
1136 2013 1258 2080 visuris
1273 2014 1325 2078 vel
1341 2013 1506 2081 audituris
1522 2013 1691 2080 Dominus
1708 2015 1822 2081 Dauid
1837 2017 1948 2083 Waus

365 2165 444 2216 cm
460 2165 510 2216 Mr.
523 2165 554 2219 T.
727 2117 922 2202 capellanus
944 2127 1125 2202 perpetuus
1144 2117 1330 2202 capellanie
1351 2119 1422 2184 siue
1444 2117 1570 2211 Altaris
1588 2118 1677 2184 beati
1697 2119 1782 2203 petri
1803 2121 1947 2204 apostoli

366 2229 483 2282 Menaeis
496 2246 559 2296 1549
587 2219 672 2288 inira
699 2221 877 2288 ecclesiam
905 2221 1131 2305 parochialem
1159 2221 1228 2288 diui
1255 2222 1377 2288 nicolai
1404 2225 1444 2288 de
1471 2223 1628 2288 abirdene
1651 2222 1768 2288 situati
1795 2232 1946 2290 eternam

586 2325 620 2392 in
637 2327 774 2394 domino
791 2326 935 2394 salutem
951 2327 1113 2394 noueritis
1137 2350 1190 2394 me
1213 2327 1359 2394 vtilitate
1383 2348 1459 2393 mea
1482 2329 1528 2393 Et
1544 2348 1777 2394 successorum
1794 2349 1945 2396 meorum

585 2427 620 2494 in
639 2426 703 2494 hac
727 2439 822 2513 parte
837 2429 983 2514 undique
999 2431 1133 2514 precisa
1150 2431 1196 2496 Et
1212 2431 1391 2515 diligenter
1413 2430 1624 2496 considerata
1647 2451 1686 2496 ex
1710 2431 1811 2497 certis
1833 2433 1946 2498 causis

584 2533 840 2602 rationabilibus
870 2534 1021 2602 animum
1052 2557 1165 2602 meum
1196 2537 1239 2602 ad
1268 2534 1333 2600 hoc
1364 2535 1579 2602 mouentibus
1606 2537 1652 2602 Et
1678 2537 1854 2622 presertim
1884 2558 1945 2623 pro

583 2639 859 2724 augmentatione
885 2641 1024 2708 tentalis
1054 2642 1156 2726 annuj
1186 2641 1275 2708 dicte
1302 2639 1489 2726 capellanie
1515 2643 1558 2708 ad
1585 2663 1754 2708 summam
1781 2643 1943 2708 tredecim
1986 2671 1997 2692 ·

583 2743 766 2810 solidorum
784 2745 830 2810 Et
846 2753 990 2827 quatuor
1004 2745 1217 2812 denariorum
1233 2745 1361 2812 usualis
1377 2753 1511 2810 monete
1534 2745 1626 2829 regnj
1645 2744 1751 2811 scotie
1765 2746 1942 2812 annuatim

583 2847 762 2933 plusquam
786 2857 1017 2914 tenementum
1042 2851 1087 2914 Et
1110 2859 1205 2916 ottus
1228 2851 1391 2916 Eiusdem
1417 2850 1656 2936 Infrascriptus
1678 2871 1755 2916 cum
1780 2849 1851 2916 suis
1871 2871 1943 2935 per-

582 2951 736 3037 tinentijs
752 2953 786 3018 in
801 2953 915 3022 valore
931 2955 974 3020 ad
990 2955 1091 3039 longa
1111 2965 1263 3040 tempora
1283 2955 1442 3039 preterita
1466 2958 1627 3022 dederunt
1645 2957 1691 3020 Et
1710 2956 1943 3039 persoluerunt

582 3075 661 3122 cum
677 3055 843 3140 expressis
858 3056 961 3122 etiarn
978 3077 1145 3124 consensu
1160 3067 1193 3124 et
1210 3079 1351 3124 assensu
1367 3058 1527 3142 prepositi
1546 3057 1747 3124 balliuorum
1763 3059 1941 3127 consulum

582 3169 616 3228 et
632 3161 886 3228 communitatis
901 3161 981 3246 dictj
999 3163 1094 3248 burgj
1112 3165 1153 3234 de
1169 3165 1333 3230 aberdene
1352 3163 1386 3227 in
1408 3163 1553 3247 pretorio
1571 3162 1722 3230 eiusdem
1738 3183 1798 3247 pro
1814 3164 1941 3230 maiore

583 3273 679 3350 parte
708 3274 988 3350 congregatorum
1018 3286 1139 3350 corpus
1159 3267 1347 3350 integrum
1386 3265 1466 3349 dictj
1503 3265 1598 3348 burgj
1637 3265 1942 3349 representantium

582 3381 801 3456 patronorum
826 3369 1097 3437 Indubitatorum
1121 3371 1208 3437 dicte
1232 3369 1417 3454 capellanie
1440 3369 1572 3436 dedisse
1588 3367 1717 3434 locasse
1733 3369 1942 3436 concessisse

583 3483 616 3540 et
632 3475 676 3540 ad
691 3473 915 3540 feudifirmam
939 3495 997 3542 seu
1021 3485 1217 3560 perpetuam
1241 3473 1477 3560 emphiteosim
1501 3473 1701 3540 hereditarie
1723 3473 1893 3542 dimisisse
1909 3485 1942 3542 et

583 3579 647 3646 hac
671 3577 817 3663 presenti
845 3588 938 3645 carta
964 3601 1040 3646 mea
1067 3580 1285 3646 confirmasse
1315 3579 1457 3644 Necnon
1487 3586 1603 3644 tenore
1630 3577 1836 3662 presentium
1863 3582 1943 3647 dare

582 3681 695 3748 locare
717 3684 898 3748 concedere
921 3692 955 3748 et
980 3685 1022 3748 ad
1044 3683 1267 3749 leudifirmam
1291 3705 1351 3748 seu
1373 3691 1571 3767 perpetuam
1595 3681 1832 3768 emphiteosim
1848 3685 1942 3750 here·

583 3785 703 3852 ditaris
725 3785 893 3852 dimittere
918 3787 964 3852 Et
987 3787 1051 3853 hac
1075 3787 1220 3872 presenti
1237 3797 1330 3854 carta
1347 3809 1423 3854 mea
1446 3788 1644 3854 confirmare
1667 3787 1855 3854 honorabili
1871 3789 1942 3856 viro

584 3891 750 3975 Magistro
761 3891 894 3958 Thome
909 3910 1044 3958 menzes
1060 3894 1216 3977 burgensi
1229 3893 1310 3960 dicti
1326 3893 1421 3978 burgj
1435 3893 1506 3958 suis
1517 3891 1695 3958 heredibus
1710 3903 1744 3958 et
1760 3894 1943 3978 assignatis

582 3995 838 4081 quibuscunque
848 4005 958 4064 totum
971 4006 1004 4062 et
1018 3999 1192 4082 Integrum
1210 3997 1298 4065 Illud
1315 4007 1546 4064 tenementum
1562 3995 1651 4062 dicte
1667 4017 1741 4064 mee
1756 3997 1944 4082 capellanie

584 4101 863 4168 incumbentibus
885 4109 1010 4168 terram
1032 4102 1187 4168 videlicet
1213 4111 1285 4168 tarn
1312 4101 1513 4168 anteriorem
1540 4121 1642 4184 quam
1670 4101 1867 4168 Interiorem
1896 4103 1942 4168 Et

583 4213 694 4272 ortum
706 4207 888 4274 earundem
904 4227 982 4273 cum
999 4207 1070 4274 suis
1085 4207 1301 4293 pertinenciis
1317 4208 1490 4272 Iacentem
1504 4206 1596 4274 Infra
1607 4205 1735 4274 dictum
1748 4207 1891 4291 burgum
1906 4207 1941 4272 in

582 4309 658 4378 vico
681 4310 782 4378 castri
798 4333 840 4378 ex
859 4311 983 4396 boreulj
1001 4323 1095 4398 parte
1116 4313 1265 4379 eiusdem
1282 4311 1346 4376 vici
1370 4313 1464 4378 Inter
1479 4321 1602 4378 terram
1619 4313 1788 4396 quondam
1809 4311 1940 4396 patricij

583 4413 677 4480 leslie
692 4435 732 4480 ex
747 4413 902 4499 orientalj
919 4437 960 4480 ex
975 4437 1041 4482 vna
1057 4427 1180 4482 terram
1197 4415 1366 4499 quondam
1388 4413 1539 4498 magistri
1565 4413 1728 4480 Iohannis
1748 4415 1940 4482 badzenoch

584 4541 624 4585 ex
636 4518 835 4586 occidentali
848 4520 1000 4603 partibus
1012 4523 1054 4586 ab
1066 4521 1172 4586 altera
1184 4539 1397 4586 communem
1410 4519 1500 4584 viam
1512 4519 1639 4602 regiam
1654 4539 1772 4584 versus
1788 4529 1940 4586 austrum

584 4633 617 4692 et
633 4643 847 4692 communem
863 4625 1030 4691 venellam
1054 4625 1133 4714 dictj
1159 4626 1253 4711 bur·
1277 4645 1395 4692 versus
1417 4623 1552 4688 boream
1577 4624 1623 4690 Et
1646 4623 1710 4688 hoc
1734 4621 1813 4708 quia
1830 4622 1942 4692 dictus
