4460 5984
349 2102 395 2156 lol.
407 2103 457 2159 70¹

579 668 644 719 200
1030 657 1131 724 Carta
1151 656 1274 722 domini
1294 657 1409 724 Dauid
1433 657 1530 724 Waro

709 829 807 896 HOC
824 827 914 898 EST
934 829 1162 898 RENTALE
1178 831 1352 900 VERUM
1370 829 1434 897 ET
1451 831 1798 903 INDUBITATUM
1820 834 1939 904 lunda·

706 934 841 1002 cinnum
864 935 1015 1002 omniurn
1038 934 1230 1002 reddituum
1254 935 1505 1021 capellanorum
1528 935 1621 1004 chori
1644 937 1714 1008 diui
1737 938 1872 1026 nicolaij
1896 941 1938 1006 de

633 1071 658 1116 0
684 1083 686 1087 ι
704 1039 864 1107 abirdene
879 1039 1058 1106 collectum
1070 1061 1130 1126 per
1143 1041 1318 1108 dominum
1334 1041 1495 1110 andream
1511 1061 1636 1128 couper
1650 1053 1683 1112 et
1699 1044 1863 1112 usitatum
1879 1065 1939 1132 per

625 1117 659 1325 ξ·
704 1144 813 1212 dictos
845 1145 1040 1231 capellanos
1066 1155 1099 1212 et
1130 1145 1208 1214 huic
1238 1146 1380 1232 registro
1406 1162 1465 1232 per
1494 1147 1695 1234 magistrum
1722 1149 1935 1218 willelmum

704 1249 898 1336 philipsoun
917 1249 1086 1318 notarium
1102 1249 1274 1337 publicum
1290 1251 1454 1319 insertum
1474 1262 1660 1321 comeatum
1677 1263 1711 1320 et
1726 1253 1934 1340 castigatum

624 1323 657 1430 ἓ
703 1353 864 1440 nuperius
893 1363 931 1420 ut
961 1354 1105 1422 ructatus
1134 1354 1169 1420 in
1200 1355 1303 1423 caan
1331 1355 1568 1424 fundationum
1599 1359 1744 1444 desuper
1771 1359 1935 1428 confectis

631 1431 649 1485 Β
702 1457 831 1545 patebit
851 1467 939 1526 teste
959 1457 1159 1545 cirographo
1179 1479 1255 1526 meo
1275 1459 1425 1528 manuali
1440 1481 1507 1528 vna
1523 1480 1599 1528 cum
1619 1462 1716 1548 signo
1734 1461 1813 1530 huic
1832 1483 1934 1550 appo·

702 1562 769 1630 sito
795 1583 885 1630 anno
911 1562 1038 1630 domini
1064 1563 1245 1632 millesimo
1269 1563 1539 1651 quingentesimo
1560 1565 1724 1651 vigesimo
1746 1567 1856 1653 primo
1879 1565 1933 1634 die

703 1667 817 1752 mercij
834 1666 998 1752 vigesimo
1014 1677 1109 1734 sexto
1512 1669 1560 1738 W
1577 1669 1641 1736 Phi
1657 1669 1790 1740 Notarii
1805 1669 1930 1758 publici

1021 1791 1043 1859 1
1042 1813 1064 1858 n
1072 1791 1155 1878 folio
1169 1791 1229 1878 79¹
1243 1791 1327 1860 nihil
1339 1793 1487 1882 scn'plum

1221 1967 1281 2036 CI.

668 2099 856 2169 MNIBUS
872 2098 961 2166 hanc
977 2108 1106 2168 cartam
1122 2099 1245 2168 visuris
1255 2099 1308 2167 vel
1325 2098 1490 2168 audituris
1507 2099 1677 2169 Dominus
1693 2101 1808 2170 Dauid
1819 2101 1933 2172 Waus

710 2205 916 2292 Capellanus
942 2211 1128 2292 'perpetuus
1156 2205 1274 2274 altaris
1300 2205 1372 2273 siue
1398 2206 1584 2292 capellanie
1610 2206 1789 2294 hospitalis
1818 2209 1930 2276 sancti

571 2309 687 2378 thome
710 2310 868 2398 martyris
890 2311 976 2378 inira
1000 2313 1142 2397 burgum
1166 2312 1208 2378 de
1233 2311 1391 2379 abirdene
1417 2309 1543 2378 situate
1567 2313 1711 2379 salutern
1734 2311 1770 2378 in
1793 2313 1931 2381 domino

571 2412 811 2504 sempiternam
842 2415 1015 2484 Noueritis
1045 2437 1099 2482 me
1124 2415 1270 2482 utilitate
1297 2435 1373 2482 mea
1399 2423 1433 2482 et
1457 2421 1690 2483 successorum
1716 2435 1868 2484 meorum
1894 2416 1930 2483 in

571 2509 635 2589 hac
661 2529 759 2608 parte
783 2520 930 2607 vndique
955 2519 1091 2606 preuisa
1116 2529 1150 2587 et
1176 2519 1362 2605 deligenter
1387 2519 1599 2588 considerata
1624 2541 1665 2588 ex
1689 2519 1791 2588 certis
1816 2520 1931 2588 cauus

569 2625 826 2694 rationabilibus
840 2625 992 2692 animum
1015 2646 1129 2693 meum
1142 2625 1197 2691 nd
1213 2624 1280 2692 hoc
1303 2625 1519 2693 mouentibus
1534 2633 1568 2692 et
1583 2625 1758 2712 presertim
1775 2645 1835 2712 pro
1850 2647 1930 2692 con·
1980 2657 1984 2662 ·

570 2731 755 2799 structione
778 2741 812 2798 et
835 2729 1047 2798 edificatione
1069 2731 1268 2798 terrenaste
1292 2731 1510 2817 Infrascripte
1531 2733 1573 2798 de
1596 2751 1663 2816 qua
1685 2753 1748 2816 ego
1770 2752 1833 2798 nec
1856 2751 1929 2816 pre·

540 2883 541 2886 κ
569 2837 763 2904 decessores
777 2836 844 2904 mei
859 2837 990 2905 nullum
1009 2839 1224 2906 commodum
1247 2837 1429 2904 habuimus
1446 2839 1489 2906 ad
1508 2835 1677 2924 Tempora
1691 2837 1779 2904 vltra
1801 2857 1938 2904 memo·-

567 2939 653 3009 riam
680 2933 860 3010 *hominum
890 2941 1050 3030 preterita
1079 2963 1157 3010 curn
1186 2943 1369 3030 expressis·
1390 2943 1494 3011 etiarn
1524 2963 1692 3011 consensu
1721 2951 1755 3009 et
1785 2962 1929 3010 assensu

568 3047 729 3133 prepositi
745 3033 946 3116 balliuorum
962 3047 1139 3116 consulum
1164 3057 1197 3116 'et
1220 3047 1475 3116 communitatis
1497 3047 1579 3116 dicti
1600 3047 1696 3136 burgj
1713 3049 1755 3114 de
1770 3046 1929 3115 abinlene

568 3159 787 3236 patronorum
811 3149 1083 3219 Indubitatorum
1109 3151 1198 3219 dicte
1221 3149 1408 3238 capellanie
1433 3151 1589 3220 adhunc
1616 3151 1772 3218 ellectum
1795 3151 1830 3217 in
1855 3171 1927 3238 pre·

568 3253 654 3322 torio
677 3253 757 3340 dictj
783 3255 877 3341 bur.
905 3277 966 3342 pro
990 3255 1116 3324 maiore
1142 3251 1237 3342 parte
1267 3265 1547 3342 congregatorum
1573 3275 1696 3342 corpus
1721 3253 1803 3323 dicti
1829 3255 1926 3341 burgi

568 3357 874 3444 representantium‘
891 3359 1023 3427 dedisse
1046 3359 1255 3427 concessisse
1276 3369 1310 3427 et
1333 3361 1376 3427 ad
1398 3359 1622 3428 leudillrmam
1646 3381 1706 3427 seu
1729 3367 1926 3445 perpetuam

567 3461 805 3548 emphiteosim
820 3461 1021 3531 hereditarie
1036 3463 1205 3531 dimisisse
1220 3473 1254 3531 et
1269 3464 1334 3532 hac
1350 3463 1498 3550 presenti
1513 3473 1607 3532 carta
1619 3485 1695 3532 mea
1707 3465 1926 3534 confirmasse

567 3565 710 3632 Necnon
730 3575 846 3633 tenore
869 3566 1076 3651 presentium
1100 3568 1179 3634 dare
1200 3569 1381 3635 concedere
1403 3577 1437 3634 et
1460 3569 1503 3635 ad
1522 3563 1747 3636 leudilinn'am
1771 3587 1831 3636 seu
1853 3589 1926 3654 per·

564 3679 703 3758 petuam
731 3669 968 3755 emphiteosim
996 3669 1195 3737 hereditarie
1220 3669 1389 3738 dimittere
1412 3679 1445 3738 et
1468 3671 1535 3738 hac
1561 3671 1708 3758 presenti
1731 3681 1825 3740 carta
1848 3693 1924 3740 mea

564 3774 764 3842 confirmem
786 3773 973 3860 honorabilj
996 3773 1068 3840 viro
1091 3773 1204 3859 dauidj
1229 3794 1304 3841 mar
1324 3773 1382 3840 vni
1405 3773 1607 3842 balliuorum
1630 3773 1711 3842 dicti
1734 3775 1829 3861 bur·
1852 3775 1945 3876 suis·

564 3877 743 3946 heredibus
766 3887 799 3944 et
821 3877 1003 3963 assignatis
1019 3877 1275 3963 quibuscunque
1295 3885 1404 3944 totam
1427 3887 1461 3944 et
1485 3879 1657 3964 Integram
1683 3877 1782 3946 Illam
1797 3887 1923 3946 terram

563 3992 697 4050 vastam
713 3989 746 4050 et
764 3979 1013 4066 Inhospitatam
1038 4002 1115 4048 cum
1139 3981 1210 4048 suis
1224 3980 1441 4066 pertinenciis
1463 3981 1551 4048 dicte
1573 3981 1761 4067 capellanie
1777 4001 1852 4049 mee
1868 3983 1923 4050 In·

564 4089 779 4157 cumbentem
797 4087 970 4154 Iacentem
988 4086 1080 4154 Infra
1097 4087 1226 4154 dictum
1249 4088 1392 4172 burgum
1408 4085 1443 4154 in
1458 4087 1533 4153 vico
1548 4087 1651 4154 castri
1662 4107 1707 4160 ex
1722 4085 1922 4154 occidentali

563 4202 660 4281 parte
682 4191 831 4260 eiusdem
847 4189 913 4258 vici
931 4191 1025 4257 Inter
1044 4199 1168 4258 terram
1186 4190 1268 4258 olim
1290 4189 1429 4256 Ioannis
1443 4211 1528 4257 vaus
1549 4190 1675 4276 dominj
1700 4192 1742 4258 de
1764 4211 1924 4276 manyex

564 4295 703 4382 australj
721 4317 762 4364 ex
776 4316 843 4362 vna
857 4303 982 4362 terram
999 4293 1116 4362 altaris
1131 4293 1203 4362 siue
1219 4293 1405 4380 capellanie
1419 4291 1559 4379 virginis
1580 4293 1658 4362 diue
1679 4295 1819 4362 barbare
1837 4293 1924 4362 inira

564 4387 742 4472 ecclesiam
773 4400 1001 4489 parochialem
1036 4400 1126 4470 beati
1156 4399 1278 4470 nicolai
1308 4401 1350 4468 de
1379 4399 1538 4468 abirdene
1572 4399 1697 4467 situate
1726 4419 1767 4466 ex
1796 4397 1922 4468 boreali

564 4509 716 4598 partibus
731 4509 774 4578 ab
789 4507 897 4576 altera
913 4515 1040 4574 terram
1063 4505 1186 4574 roberti
1202 4505 1315 4574 cullan
1330 4526 1459 4572 versus·
1470 4503 1628 4572 occidens
1649 4511 1683 4574 et
1705 4523 1921 4572 communem

563 4615 654 4684 viam
682 4613 825 4702 Regiam
852 4612 1059 4682 antedictam
1086 4633 1203 4681 versus
1229 4611 1340 4680 oriens
1369 4609 1643 4680 TENENDAM
1670 4617 1704 4678 et
1730 4607 1921 4678 habendam
