4490 5990
617 675 679 742 108
1067 671 1229 737 Fmadace'o
1250 669 1429 736 Alexandri
1448 689 1528 755 gray

614 846 766 932 partibus
795 847 838 914 ab
867 845 974 914 altera
1003 843 1171 912 reddendo
1201 842 1278 911 inde
1307 841 1484 912 annuatim
1510 839 1619 909 eidem
1644 837 1743 908 altari
1770 859 1829 906 sex
1852 835 1978 904 solidos

614 959 648 1018 et
664 961 742 1018 octo
757 949 912 1018 denarios

702 1055 790 1122 Item
824 1055 865 1122 de
898 1063 987 1122 terra
1018 1054 1188 1138 quondam
1220 1054 1292 1120 Ade
1322 1051 1433 1120 litster
1467 1053 1604 1119 Iacente
1633 1048 1668 1116 in
1698 1047 1774 1116 vico
1806 1045 1976 1133 superiore

613 1156 754 1224 ecclesie
788 1156 938 1225 eiusdem
972 1156 1067 1242 burgj
1103 1177 1192 1223 nunc
1226 1154 1415 1241 pertinente
1449 1153 1611 1241 magistro
1644 1152 1825 1220 alexandro
1862 1149 1976 1218 Bisset

613 1261 789 1347 capellano
822 1271 856 1329 et
890 1261 1071 1330 alexandro
1107 1261 1270 1330 tailzeour
1306 1259 1501 1347 portionarij
1540 1259 1690 1326 eiusdem
1723 1257 1812 1324 inter
1851 1264 1976 1334 terram

613 1363 755 1450 Agnetis
792 1363 977 1450 Stirueling
1006 1385 1047 1430 ex
1076 1363 1232 1432 orientali
1262 1373 1295 1430 et
1325 1373 1450 1432 terram
1480 1361 1660 1430 Alexandri
1684 1361 1909 1428 mathousone
1937 1381 1978 1428 ex

613 1467 814 1538 occidentali
839 1471 1023 1537 Reddendo
1045 1468 1123 1536 inde
1146 1469 1323 1536 annuatim
1346 1469 1455 1536 eidem
1479 1467 1577 1536 altari
1600 1469 1716 1536 decem
1740 1465 1866 1534 solidos

702 1573 791 1640 Item
820 1575 862 1640 de
884 1581 974 1640 terra
996 1573 1165 1658 quondam
1188 1574 1320 1640 Andree
1350 1571 1480 1658 emytht
1510 1571 1545 1636 in
1567 1571 1641 1656 iuty
1666 1591 1756 1637 nunc
1789 1567 1977 1654 pertinente

614 1675 790 1746 Willelmo
813 1677 897 1746 Wat
920 1675 955 1743 in
978 1675 1145 1742 stanchiie
1167 1674 1255 1742 inter
1276 1685 1400 1742 terram
1498 1672 1568 1758 [sio]
1584 1695 1625 1740 ex
1642 1671 1783 1740 australi
1802 1693 1843 1738 ex
1862 1691 1929 1738 vna
1943 1679 1984 1764 et

614 1789 739 1848 terram
828 1777 898 1864 [sie]
925 1799 966 1846 ex
995 1778 1121 1846 boreali
1151 1777 1303 1864 partibus
1332 1779 1375 1846 ab
1405 1777 1511 1845 altera
1539 1777 1708 1851 reddendo
1737 1774 1846 1843 eidem
1878 1773 1977 1842 altari

617 1880 794 1950 annuatim
810 1881 958 1968 quinque
973 1880 1099 1948 solidos

705 1989 847 2056 Summa
862 1985 963 2054 huius
978 1985 1164 2072 capellanie
1179 1983 1402 2071 quadraginta
1417 1983 1543 2052 solidos
1558 1993 1591 2052 et
1606 1983 1725 2071 vigintj
1742 1982 1897 2052 denarios

1251 2245 1346 2312 LXI.

1065 2382 1230 2450 Fundacio
1251 2381 1430 2448 Alexandri
1448 2403 1529 2468 gray

706 2521 893 2589 MNIBUS
916 2519 1004 2586 hanc
1026 2520 1165 2587 Cartam
1181 2516 1303 2584 visuris
1321 2517 1375 2584 vel
1398 2517 1563 2586 audituris
1584 2515 1775 2584 Alexander
1795 2538 1879 2604 gray
1901 2521 1976 2586 bur·

748 2625 863 2712 gensis
874 2623 969 2710 burgi
984 2625 1026 2692 de
1040 2623 1207 2692 Abirdene
1223 2625 1387 2690 Eternam
1400 2621 1434 2688 in
1446 2622 1583 2690 domino
1598 2623 1743 2690 salutem
1756 2625 1843 2692 Cum
1859 2645 1978 2692 omnes

619 2733 786 2801 stabimus
808 2741 889 2800 ante
914 2729 1062 2798 tribunal
1088 2728 1215 2796 domini
1245 2728 1351 2795 nostri
1383 2728 1486 2796 ihesu
1509 2727 1636 2797 Christi
1659 2727 1731 2796 siue
1757 2730 1882 2797 bonum
1906 2729 1978 2797 siue

619 2837 748 2904 malum
763 2836 862 2904 fuerit
885 2833 1051 2921 recepturi
1074 2844 1171 2920 prout
1195 2833 1230 2900 in
1253 2855 1391 2920 corpore
1410 2833 1578 2920 gessimus
1599 2833 1708 2920 Igitur
1726 2833 1815 2902 diem
1836 2835 1977 2902 extremi

621 2943 740 3028 Iudicij
757 2941 913 3028 operibus
924 2939 1152 3008 misericordie
1164 2939 1344 3026 expediens
1355 2949 1407 3008 est
1422 2940 1641 3026 preuenirevt
1653 2940 1822 3008 seminata
1833 2940 1868 3008 in
1880 2941 1979 3008 terris

621 3047 798 3134 multiplici
809 3048 920 3115 fructu
936 3045 1137 3132 colligamus
1151 3045 1186 3112 in
1202 3045 1284 3114 celis
1299 3047 1397 3114 Vnde
1414 3046 1587 3114 Noueritis
1598 3069 1653 3114 me
1664 3069 1724 3134 pro
1740 3047 1850 3116 salute
1865 3048 1979 3118 anime

621 3176 695 3220 mee
717 3153 908 3220 animarum
925 3151 1119 3222 Elizabetht
1135 3152 1202 3238 hay
1218 3173 1340 3239 sponse
1356 3173 1429 3219 mee
1445 3151 1611 3220 Willelmi
1629 3175 1712 3240 gray
1731 3153 1838 3240 patris
1856 3153 1923 3222 mei
1945 3163 1980 3222 et

621 3261 713 3326 Sune
728 3257 815 3344 perri
831 3258 950 3326 matris
965 3279 1040 3324 mee
1055 3267 1234 3342 parentum
1252 3279 1403 3326 meorum
1422 3259 1674 3326 benefactorum
1689 3279 1805 3326 eorum
1821 3281 1842 3326 a
1857 3259 1980 3345 quibus

621 3364 735 3450 aliqua
761 3365 850 3432 bona
876 3363 989 3430 minus
1014 3363 1103 3432 iuste
1128 3363 1232 3430 habui
1262 3372 1296 3430 et
1322 3362 1474 3430 omnium
1500 3363 1649 3432 fidelium
1675 3365 1910 3432 detunctorum
1938 3367 1979 3432 In

621 3469 783 3537 honorem
807 3468 872 3536 Dei
902 3467 1144 3555 omnipotentis
1166 3467 1361 3536 beatissime
1382 3467 1522 3554 virginis
1548 3469 1653 3536 man'e
1680 3470 1806 3537 Sancte
1830 3470 1980 3536 Barbare

621 3574 761 3661 virginis
790 3584 824 3642 et
848 3574 1000 3642 omnium
1027 3573 1153 3642 ciuium
1183 3573 1359 3642 celestium
1390 3574 1522 3642 dedisse
1548 3574 1757 3642 concessisse
1786 3573 1980 3660 assignasse

622 3687 656 3745 et
686 3678 751 3746 hac
781 3679 928 3764 presenti
961 3687 1056 3746 carta
1089 3699 1166 3745 mea
1199 3679 1418 3746 confirmasse
1452 3679 1607 3746 discretis
1639 3689 1673 3746 et
1703 3679 1871 3764 perdoctis
1900 3677 1981 3746 viris

624 3785 751 3852 Curato
780 3793 815 3850 et
843 3783 1029 3870 capellanis
1058 3783 1151 3852 chori
1181 3783 1322 3852 ecclesie
1356 3784 1560 3871 parochialis
1589 3783 1669 3870 dictj
1701 3786 1795 3870 bur.
1826 3793 1918 3852 totos
1947 3793 1981 3850 et

622 3886 772 3973 integros
797 3909 929 3956 annuos
954 3889 1105 3956 redditus
1131 3911 1225 3956 meos
1247 3889 1455 3976 subscriptos
1477 3911 1518 3956 ex
1540 3911 1616 3974 meo
1638 3889 1771 3976 proprio
1792 3898 1980 3974 conquestu

623 4002 838 4078 recuperatos
857 3994 1013 4062 videlicet
1034 4015 1138 4061 vnum
1159 3993 1310 4064 annuum
1333 3994 1501 4063 redditum
1524 3994 1777 4081 quatuordecim
1799 3995 1981 4062 solidorum

624 4098 802 4165 annuatim
832 4109 1010 4168 exeuntem
1037 4110 1070 4167 et
1098 4102 1281 4169 leuandum
1307 4103 1349 4168 de
1375 4110 1448 4170 tota
1474 4111 1507 4168 et
1533 4101 1665 4187 integra
1691 4110 1780 4168 terra
1810 4102 1981 4186 quondam

625 4203 798 4271 alexandri
829 4205 908 4292 logy
936 4215 1008 4274 tam
1039 4207 1206 4274 anteriore
1235 4228 1337 4293 quarn
1370 4205 1528 4274 interiore
1557 4228 1635 4274 cum
1666 4206 1737 4274 suis
1766 4205 1982 4292 pertinenciis

626 4309 764 4376 Iacente
794 4309 880 4378 infra
909 4311 1037 4380 dictum
1068 4314 1211 4400 burgum
1241 4313 1276 4380 in
1299 4313 1374 4380 vico
1402 4313 1572 4380 furcarum
1596 4335 1637 4378 ex
1658 4311 1858 4380 occidentali
1889 4321 1984 4397 parte

625 4414 775 4481 eiusdem
805 4415 870 4484 vici
900 4417 988 4484 inter
1023 4428 1149 4486 terram
1180 4419 1317 4505 Ninianj
1355 4419 1496 4487 Blinseil
1530 4441 1571 4485 ex
1601 4419 1741 4486 australi
1770 4439 1812 4485 ex
1840 4439 1907 4484 vna
1938 4419 1984 4482 Et

625 4529 750 4586 terram
781 4525 950 4606 quondam
977 4525 1143 4592 Willelmi
1173 4525 1307 4592 buchan
1337 4547 1378 4591 ex
1407 4525 1532 4594 boreali
1562 4523 1713 4609 partibus
1743 4525 1785 4590 ab
1815 4523 1923 4590 altera
1950 4531 1984 4587 et

626 4643 825 4690 communes
850 4625 923 4692 vias
952 4625 1063 4712 regias
1092 4649 1209 4694 versus
1238 4626 1350 4694 oriens
1378 4639 1413 4694 et
1442 4627 1600 4695 occidens
1630 4629 1676 4693 Et
1706 4627 1810 4694 alium
1833 4645 1984 4693 annuum
