4476 6008
560 673 731 746 Cononem
752 674 885 746 Ronlaie
907 675 1149 767 capellanorum
1169 673 1288 748 ωσὶωὰ
1539 691 1600 768 195

332 854 420 920 Item
443 874 504 939 pro
526 853 644 920 eodem
666 855 708 920 de
730 863 821 920 terra
843 855 1014 938 quondam
1036 854 1172 940 martinj
1189 855 1290 941 kernp
1305 854 1339 920 in
1355 854 1379 920 li
1394 855 1601 940 grem-nunc

243 959 359 1044 Iacobj
376 959 540 1026 collisoun
1118 1005 1121 1012 ι
1546 975 1601 1026 vs

261 1059 267 1068 '
330 1063 670 1132 Summahuiusxxv
685 1086 702 1130 s
718 1073 769 1132 set
784 1063 888 1132 xsin
903 1074 1001 1132 vasta

330 1172 418 1237 Item
449 1191 510 1256 pro
547 1170 684 1237 domino
714 1171 889 1239 Willelmo
926 1170 1100 1238 murisoun
1138 1169 1307 1254 quondam
1344 1177 1462 1235 curato
1499 1167 1600 1235 huius

242 1273 331 1360 opidj
349 1276 390 1342 do
409 1285 500 1342 terra
522 1275 692 1359 quondam
715 1274 821 1360 ipsius
843 1274 969 1360 dominj
987 1275 1151 1360 Willelmj
1178 1275 1315 1342 Iacente
1337 1273 1372 1338 In
1393 1273 1487 1340 Iuthe
1510 1295 1600 1340 nunc

242 1379 405 1447 Iohannis
421 1379 549 1464 arthurj
1491 1399 1535 1446 xx
1550 1377 1599 1445 s*

328 1485 471 1552 Summa
486 1485 587 1552 huius
601 1507 678 1552 xxs
734 1483 738 1492 '

330 1591 417 1656 Item
441 1612 501 1676 pro
524 1591 699 1659 Willelmo
722 1591 877 1658 buchane
899 1591 1024 1676 pistore
1050 1599 1173 1676 agnete
1195 1590 1368 1656 straachin
1391 1609 1515 1674 sponsa
1538 1609 1600 1656 sua

242 1705 275 1762 et
299 1697 424 1762 andrea
446 1698 598 1782 gordoun
621 1698 662 1764 de
685 1696 829 1782 singulis
850 1697 944 1764 rudis
965 1695 1122 1780 Willilmj
1147 1693 1306 1762 henirson
1329 1695 1409 1760 olim
1438 1693 1601 1760 Iohannis

240 1819 339 1885 curry
360 1801 477 1868 thome
496 1802 672 1868 ehousoun
696 1804 835 1868 Iacente
857 1801 892 1868 in
915 1803 1021 1887 burgo
1041 1802 1083 1868 de
1107 1802 1252 1886 Inmury
1273 1809 1372 1884 prout
1398 1797 1573 1866 habetur
1563 1818 1598 1864 rn

240 1904 419 1972 euidentiie
434 1907 578 1991 desuper
591 1907 755 1975 coniectis
1383 1903 1462 1990 xxiij
1480 1925 1497 1970 s
1511 1903 1559 1989 iiij
1574 1905 1598 1972 d

328 2009 469 2079 Summa
484 2011 586 2080 huius
600 2011 678 2097 xxiij
696 2030 713 2074 s
728 2011 775 2098 iiij
793 2013 815 2080 d
1595 2035 1599 2045 ·

328 2115 417 2182 Item
433 2137 493 2203 pro
507 2107 650 2203 gilberto
665 2137 802 2184 menaea
817 2115 986 2203 preposito
1005 2139 1066 2203 pro
1086 2115 1191 2186 missa
1213 2117 1255 2183 de
1277 2111 1599 2182 commemoratione

241 2221 350 2288 sancti
373 2221 512 2308 spiritus
533 2223 626 2290 omni
648 2223 730 2290 Ieria
753 2231 874 2307 quarta
897 2225 940 2290 ad
963 2223 1069 2290 altare
1092 2221 1201 2290 saneti
1220 2219 1403 2304 sebastiani
1428 2221 1470 2286 de
1493 2218 1599 2286 orosto

240 2329 409 2411 quondam
425 2327 591 2396 Willelmi
614 2339 689 2414 prat
713 2349 803 2395 nunc
826 2327 907 2396 dicti
930 2327 1063 2414 gilberti
1087 2329 1225 2395 Iacente
1247 2340 1351 2411 prope
1366 2321 1596 2391 molendinum

242 2423 431 2516 1ueticiutj‘

328 2530 417 2601 Item
432 2536 474 2602 de
489 2527 556 2602 alio
574 2535 682 2604 orosto

328 2641 470 2708 Summa
486 2640 587 2708 huius
602 2662 646 2708 xx
660 2662 678 2708 s

329 2743 417 2808 Item
433 2765 493 2828 pro
508 2742 644 2811 domino
663 2745 791 2810 Ioanne
806 2743 976 2810 chawmer
990 2763 1050 2828 pro
1065 2741 1171 2808 missa
1186 2742 1228 2808 de
1243 2741 1389 2827 quinque
1404 2740 1599 2807 vulneribus

240 2846 333 2932 eristj
360 2847 454 2914 omni
479 2847 561 2915 Ien'a
589 2858 685 2915 sexta
711 2849 753 2916 ad
780 2848 887 2916 altare
913 2847 1022 2914 san'cti
1052 2847 1233 2914 saluatoris
1258 2849 1300 2914 de
1329 2855 1418 2912 terta
1448 2845 1597 2930 interiori

239 2952 426 3066 quondam
436 2951 552 3018 lonete
575 2951 706 3018 rolland
729 2959 818 3019 nune
839 2952 1000 3018 heredurn'
1024 2931 1195 3018 alexandri
1216 2925 1379 3036 gord'ou‘n'
1391 2948 1540 3068 episcopi
1562 2949 1601 3014 in

237 3053 312 3122 vieo
328 3054 490 3140 superiorr
482 3053 647 3122 ecclesIe
659 3077 703 3158 ex
718 3054 844 3123 boreali
859 3065 954 3140 parte
972 3038 1122 3122 eiusdem
1223 3109 1227 3116 .
1305 3071 1309 3081 ·
1439 3051 1530 3138 xxiii]
1523 3053 1598 3124 's†

326 3159 470 3226 Summa
484 3159 586 3228 hurus
600 3179 726 3246 xxnrj
1221 3162 1225 3168 ’

326 3263 415 3332 Item
430 3284 491 3349 pro
506 3263 689 3332 alexandro
700 3265 846 3332 wsehert
858 3266 899 3334 de
911 3274 1000 3332 terra
1015 3263 1211 3358 quondam
1201 3263 1308 3350 1psius
1322 3283 1412 3330 nune
1428 3259 1594 3348 capellani

241 3367 350 3434 sancti
365 3366 482 3436 thome
497 3367 646 3436 martiris
1161 3371 1165 3403 ¹
1542 3389 1596 3434 xs

327 3473 470 3540 Summa
485 3471 586 3542 huius
600 3496 622 3541 x
637 3495 654 3542 s

328 3581 416 3646 Item
432 3598 491 3667 pro
506 3581 643 3648 domino
658 3583 784 3648 andrea
800 3581 970 3648 chawmer
984 3581 1025 3648 de
1040 3577 1190 3665 predicta
1205 3588 1294 3646 terra
1542 3595 1596 3642 vs

329 3684 375 3752 Et
391 3695 529 3782 curatus
552 3687 714 3772 magister
735 3675 873 3752 thomas
889 3687 1058 3752 chawmer
1073 3683 1235 3769 magister
1249 3681 1412 3768 gilbertus
1428 3680 1597 3748 chawmer

240 3789 403 3875 magister
427 3792 604 3858 duncanus
630 3791 799 3859 chawmer
821 3801 854 3856 et
881 3781 1043 3876 ¹gilbertus
1059 3789 1181 3864 ,litstar
1206 3795 1401 3854 executores
1427 3786 1596 3870 quondam

239 3891 320 3960 dicti
353 3893 481 3960 domini
518 3895 641 3960 andree
678 3894 848 3960 chawmer
883 3901 1042 3959 tenentur
1078 3892 1262 3958 secundum
1300 3897 1451 3956 tenorem
1480 3887 1598 3954 vltime

239 3996 425 4063 voluntatis
440 3996 521 4064 dicti
537 3996 664 4063 domini
680 3997 804 4064 andree
819 3995 1003 4080 capellanis
1018 3993 1111 4062 chori
1127 3994 1216 4061 beati
1232 3993 1366 4077 nicolaii
1383 3994 1424 4059 de
1439 3991 1597 4060 abirdene

240 4099 411 4168 infeodare
436 4100 478 4167 de
504 4099 581 4186 alijs
606 4099 753 4186 quinque
778 4098 895 4166 solidis
922 4101 975 4166 De
1001 4098 1147 4183 quinque
1177 4096 1270 4164 libris
1299 4087 1388 4182 quas'
1410 4098 1452 4164 ab
1478 4097 1596 4164 eodem

239 4203 376 4272 domino
391 4205 517 4270 andrea
532 4213 729 4288 receperunt

327 4309 415 4372 Item
438 4327 499 4391 pro
521 4307 645 4373 andree
668 4306 810 4372 lousoun
833 4314 866 4372 et
888 4325 990 4373 vxore
1012 4306 1053 4372 de
1075 4312 1164 4371 terra
1186 4303 1314 4371 domini
1333 4305 1456 4370 andree
1472 4323 1598 4388 conpar

238 4409 273 4476 in
289 4409 400 4496 eapite
414 4411 478 4495 vicj
496 4406 660 4478 Inferioris
678 4409 819 4478 ecclesie
1515 4405 1560 4493 xij
1578 4424 1596 4474 e

324 4634 339 4664 ⁹
356 4635 574 4690 Gilbntmenree
962 4632 1392 4701 tDerterrnquondamIolrannie
1403 4631 1508 4684 utnon
