4472 5992
691 673 792 744 eoru
813 673 946 742 renutu
967 673 1146 744 cmm
1554 699 1595 766 41

237 849 335 920 cione
356 847 552 936 hujusmodi
574 846 679 918 annui
703 845 871 918 Redditus
896 847 983 918 infra
1009 847 1233 936 quadraginta
1256 849 1328 920 dies
1350 861 1426 940 post
1449 851 1596 938 aliquem

235 956 402 1028 dictorum
424 955 646 1024 terminorum
668 962 883 1042 pentecostes
898 963 932 1024 et
948 953 1058 1024 sancti
1081 955 1217 1026 martini
1233 966 1293 1028 aut
1308 957 1344 1026 in
1359 957 1596 1028 reformatione

235 1061 317 1130 dicti
332 1061 518 1130 tenementi
534 1059 676 1148 singulis
698 1059 798 1128 annis
813 1069 851 1128 ut
866 1059 1040 1148 premissis
1055 1069 1089 1128 et
1104 1069 1187 1130 tunc
1202 1062 1314 1132 dictus
1329 1063 1491 1150 magister
1512 1065 1596 1132 dun·

235 1187 342 1236 canus
358 1187 424 1253 quo
446 1165 608 1234 deficiens
622 1163 704 1235 dicti
727 1165 893 1252 capellani
916 1165 1057 1234 liberum
1075 1169 1135 1236 Ius
1150 1177 1183 1236 et
1201 1169 1407 1256 Regressum
1423 1165 1595 1240 habebunt

236 1273 280 1340 ad
300 1281 425 1340 terram
445 1271 646 1358 prelibatam
669 1293 749 1340 cum
771 1271 843 1340 suis
860 1271 1078 1358 pertinenciis
1100 1273 1173 1342 sine
1188 1295 1388 1360 quocunque
1412 1275 1500 1345 luris
1522 1297 1596 1362 pro·

235 1377 327 1448 lessu
358 1377 607 1464 Impedimento
636 1377 812 1448 obstaculo
842 1387 901 1448 aut
931 1379 1101 1448 demanda
1131 1381 1177 1448 Et
1207 1401 1346 1466 presens
1375 1389 1469 1450 carta
1498 1380 1596 1448 litera

235 1482 348 1552 sanine
378 1505 419 1552 ac
450 1483 620 1570 possessio
653 1485 798 1570 desuper
831 1485 912 1554 data
947 1483 1081 1572 aliaque
1120 1485 1246 1573 scripta
1280 1495 1315 1554 et
1351 1485 1520 1573 Inscripta
1554 1489 1594 1557 In

234 1597 407 1676 posterum
430 1589 558 1660 nullius
578 1597 677 1658 erunt
701 1589 846 1658 Roboris
867 1589 993 1678 vigoris
1015 1611 1075 1660 seu
1095 1591 1236 1660 effectus
1258 1613 1318 1659 seu
1341 1613 1460 1662 cassus
1484 1593 1595 1660 Reno·

233 1703 332 1764 catus
351 1703 385 1762 et
410 1697 450 1762 ln
471 1717 509 1762 se
530 1695 727 1764 annullatus
753 1697 1008 1782 Imperpetuum
1032 1698 1079 1764 Et
1101 1717 1165 1782 ego
1186 1717 1266 1764 vero
1293 1696 1405 1766 dictus
1433 1697 1596 1783 magister

233 1801 411 1870 duncanus
425 1801 566 1868 heredes
581 1801 648 1868 mei
663 1810 697 1870 et
713 1801 878 1888 assignati
892 1810 1002 1870 totam
1018 1811 1052 1870 et
1067 1801 1234 1888 integram
1250 1811 1376 1870 terram
1392 1801 1592 1888 prelibatam

233 1927 312 1976 cum
335 1905 407 1975 suis
428 1906 646 1994 pertinenciis
668 1907 797 1994 prefato
819 1908 952 1974 Andree
975 1907 1155 1976 heredibus
1178 1907 1249 1974 suis
1265 1917 1299 1975 et
1315 1905 1386 1974 suis
1410 1903 1595 1990 assignatis

235 2015 277 2080 In
292 2011 450 2080 omnibus
464 2021 498 2080 et
513 2033 575 2100 per
595 2012 711 2082 omnia
725 2022 761 2080 vt
777 2012 980 2099 premissum
996 2023 1048 2082 est
1069 2035 1129 2100 per
1148 2035 1268 2082 omnes
1289 2020 1397 2080 terras
1413 2019 1447 2078 et
1462 2031 1594 2096 posses·

234 2117 347 2185 siones
361 2127 497 2186 nostras
518 2127 637 2188 contra
652 2139 771 2188 omnes
787 2119 948 2187 mortales
961 2118 1250 2190 varantizabimus
1268 2115 1538 2204 acquietabimus
1560 2121 1595 2182 et

235 2225 489 2310 Imperpetuum
504 2223 724 2294 defendemus
744 2227 785 2292 ln
800 2223 898 2294 cuius
914 2223 977 2294 Rei
992 2223 1226 2294 testimonium
1242 2223 1321 2294 huic
1337 2220 1486 2308 presenti
1501 2227 1594 2288 carte

234 2327 391 2414 Sigillum
413 2327 496 2400 dicti
513 2329 647 2398 Andree
660 2338 695 2398 et
710 2329 860 2417 sigillum
875 2331 1008 2400 Andree
1030 2330 1144 2400 cullen
1165 2329 1265 2398 vuius
1286 2326 1489 2398 balliuornm
1512 2322 1595 2393 dicti

163 2505 166 2514 ,
234 2432 330 2519 burgi
347 2442 426 2502 sunt
441 2454 592 2520 appensa
607 2436 697 2520 apud
711 2435 880 2504 Abirdene
895 2433 1027 2504 decimo
1038 2435 1092 2504 die
1107 2435 1235 2503 mensis
1251 2433 1335 2503 Maii
1350 2434 1450 2500 Anno
1465 2428 1593 2499 domini

234 2537 415 2606 millesimo
444 2537 775 2624 quadringentesimo
804 2539 1025 2626 nonagesimo
1055 2541 1158 2608 Sexto
1188 2541 1311 2608 Coram
1344 2537 1485 2608 famosis
1512 2535 1595 2604 viris

234 2641 397 2730 magistro
413 2643 566 2712 Iohanne
582 2645 756 2732 Kennerty
770 2644 918 2713 dominis
932 2643 1034 2714 dauid
1048 2645 1174 2714 walcar
1189 2643 1365 2714 Willelmo
1380 2640 1594 2712 crukschanlr

234 2747 420 2834 capellanis
440 2747 593 2818 Iohanne
612 2750 801 2820 andersone
822 2749 975 2820 Iohanne
996 2749 1140 2820 tailzour
1156 2751 1267 2820 Adam
1287 2747 1497 2836 Ruyeriurde
1517 2747 1593 2816 bur·

234 2851 395 2940 gensibus
420 2862 454 2922 et
482 2851 608 2922 Incolis
635 2853 717 2924 dicti
744 2853 840 2942 burgi
862 2855 999 2927 Andrea
1022 2854 1170 2926 Nachtie
1192 2856 1378 2944 sergeando
1400 2863 1434 2924 et
1458 2849 1595 2922 domino

235 2957 388 3029 Iohanne
402 2957 589 3048 sterueling
605 2957 747 3030 Notan‘o
762 2959 898 3048 publico

846 3221 982 3288 XVIII.

318 3361 437 3430 URIA
453 3359 589 3430 Itineris
604 3359 798 3430 Camerarie
812 3369 906 3430 tente
921 3359 956 3430 in
972 3358 1118 3448 pretorio
1133 3363 1175 3430 de
1189 3360 1357 3430 Abirdene
1372 3381 1432 3448 per
1446 3355 1594 3426 nobilem

351 3466 462 3535 virum
477 3467 705 3536 Alexandrum
720 3467 842 3554 guthre
853 3469 895 3536 de
906 3469 1023 3535 eodem
1040 3469 1240 3556 deputatum
1252 3477 1285 3534 et
1297 3467 1410 3534 locum
1421 3471 1594 3533 tenentem

236 3573 408 3661 magnifici
428 3573 642 3674 potentisque
662 3575 790 3644 domini
811 3575 913 3644 dauid
934 3575 1079 3644 Comitis
1099 3575 1274 3644 Crafurdie
1294 3571 1422 3642 domini
1442 3571 1596 3657 liadesay

235 3701 276 3748 ac
290 3678 415 3765 magni
438 3679 623 3765 Camerarij
648 3678 754 3746 scotie
776 3678 998 3748 nonodecimo
1018 3678 1072 3748 die
1092 3677 1220 3748 mensis
1243 3677 1332 3766 lunij
1348 3679 1449 3745 Anno
1466 3673 1594 3743 domini
1661 3689 1663 3692 ·

236 3783 417 3852 millesimo
439 3783 771 3871 quadringentesimo
793 3784 1025 3871 octuagesimo
1048 3793 1144 3852 sexto
1166 3787 1243 3874 Quo
1264 3784 1318 3853 die
1341 3781 1444 3852 sectis
1464 3779 1595 3850 vocatia

236 3899 270 3960 et
295 3889 390 3959 curia
416 3889 566 3978 legitime
595 3891 795 3960 confirmata
821 3913 899 3972 cum
929 3890 1203 3960 conclamacione
1229 3890 1359 3958 dierum
1389 3889 1595 3972 subsequen·

235 3994 326 4062 cium
358 3993 507 4064 Nomina
538 4017 662 4082 magne
694 3995 801 4066 assiae
832 3995 1022 4064 Alexander
1054 3996 1194 4064 chamer
1225 3995 1415 4062 Alexander
1447 3989 1595 4060 menzeis

237 4103 382 4174 Iacobus
405 4101 500 4172 leslie
524 4105 693 4184 Robertus
717 4101 870 4170 blinseile
894 4101 1065 4170 Iohannes
1093 4101 1227 4170 cullane
1250 4101 1421 4170 Iohannes
1443 4096 1594 4166 Collison

234 4207 425 4280 Alexander
453 4209 512 4280 red
542 4208 643 4276 dauid
674 4207 822 4276 meneeis
851 4207 1047 4278 Willelmus
1076 4207 1234 4276 abirdour
1263 4207 1418 4274 Andreas
1446 4201 1595 4272 branche

235 4313 372 4386 nomas
394 4314 434 4383 fif
453 4313 624 4382 lohannes
646 4315 803 4384 Wormet
825 4312 962 4382 thomas
984 4320 1061 4399 prat
1083 4313 1238 4380 Andreas
1261 4331 1397 4397 murray
1418 4308 1594 4380 Walterus

234 4417 421 4490 auchneive
444 4420 614 4488 Robertus
636 4427 712 4506 prat
727 4428 761 4488 et
777 4417 973 4488 Willelmus
996 4417 1118 4488 Kintor
1140 4420 1216 4506 Quo
1235 4417 1290 4488 die
1308 4415 1400 4486 dicta
1421 4413 1530 4484 assisa
1550 4413 1594 4482 ad

236 4523 374 4610 plenum
400 4522 546 4594 auisiata
575 4523 774 4594 delibemuit
800 4543 904 4610 penes
926 4523 1083 4593 sedulum
1109 4531 1238 4592 secrete
1269 4517 1504 4607 Inquisitionis
1532 4515 1594 4586 eiis

235 4629 440 4717 presentatis
459 4629 551 4702 dicto
572 4629 627 4702 die
648 4638 814 4718 quantum
829 4631 873 4700 ed
888 4638 1120 4784 tgnementum
1139 4625 1342 4698 venerabilis
1355 4623 1418 4712 virj
1440 4621 1594 4712 magistri
