4460 5984
568 695 668 764 Carta
681 693 859 784 soodlfim
880 695 1009 782 carseolo
1030 693 1156 762 Andm
1177 693 1296 780 Dmtty
1548 693 1609 778 167

838 1025 1034 1094 LXXXIX.

537 1203 634 1292 copia
652 1203 742 1272 Corte
749 1205 927 1292 seodifirmc
944 1203 1073 1290 conserte
1087 1204 1214 1270 Andros
1228 1203 1332 1290 dunp
1634 1211 1741 1270 Μ’

355 1349 542 1454 MNIBUS
565 1385 653 1454 hanc
676 1394 806 1454 cartam
824 1385 947 1454 visuris
964 1386 1017 1452 vel
1035 1385 1210 1453 Auditun's
1232 1395 1371 1454 curatus
1387 1395 1420 1454 et
1444 1387 1610 1474 capellanj
1634 1401 1769 1470 vigesimo

395 1489 487 1574 chorj
505 1489 647 1556 ecclesie
665 1489 886 1574 parrochialis
905 1490 972 1575 diuj
993 1489 1127 1575 nicolaij
1152 1491 1194 1558 de
1209 1489 1379 1558 Abirdene
1402 1500 1554 1558 eternam
1577 1493 1612 1558 in
1635 1471 1829 1587 ffi‘ffln

256 1594 393 1662 domino
418 1594 564 1678 salutem
588 1594 761 1662 Noueritis
783 1617 846 1662 nos
868 1595 1100 1681 capitulariter
1121 1605 1343 1682 congregatos
1360 1595 1510 1683 vuanimj
1535 1619 1613 1664 con·
1636 1600 1822 1668 moeummtm

258 1719 360 1766 sensu
386 1707 420 1766 et
446 1719 588 1768 assensu
610 1698 756 1766 utilitate
782 1699 864 1768 dicti
890 1699 997 1768 nostri
1023 1699 1162 1785 capituli
1190 1701 1231 1766 ln
1258 1701 1323 1768 hac
1349 1709 1446 1786 parte
1467 1701 1613 1786 vndique
1636 1675 1830 1784 ffossffiufi,

257 1804 391 1890 prouisa
421 1826 481 1890 per
505 1817 569 1872 nos
598 1806 641 1872 ad
671 1805 810 1890 longum
836 1805 960 1874 rimata
985 1813 1019 1872 et
1048 1805 1202 1874 discussa
1231 1805 1436 1892 Solennique
1465 1816 1614 1874 tractatu
1637 1797 1772 1915 fflffge

257 1911 400 1995 desuper
414 1909 531 1978 habita
546 1909 678 1978 dedisse
690 1909 899 1977 concessisse
914 1911 961 1980 Et
977 1912 1020 1978 ad
1034 1909 1257 1978 leodifirmam
1270 1911 1456 1980 dimississe
1472 1913 1615 1980 Necnon
1659 1927 1822 1982 uobeaoon

257 2025 374 2085 tenore
389 2015 600 2104 presencium
616 2019 697 2086 dare
715 2019 898 2084 concedere
919 2025 953 2084 et
974 2019 1017 2084 ad
1036 2015 1259 2085 ieodilirmam
1275 2017 1487 2086 committere
1503 2021 1615 2106 Ipsae·

259 2143 324 2208 que
357 2123 578 2191 donacionem
617 2122 870 2190 concessionem
900 2132 934 2189 et
963 2124 1007 2190 ad
1035 2122 1259 2190 leudifirmam
1290 2123 1521 2191 dimissionem
1551 2124 1616 2190 hae

257 2237 414 2313 presente
436 2237 531 2296 carta
553 2236 669 2296 nostra
691 2228 911 2296 confirmasse
934 2227 1074 2314 prouido
1089 2227 1161 2294 viro
1182 2230 1306 2296 andree
1328 2231 1444 2316 durtty
1458 2229 1617 2316 burgensi

258 2335 300 2401 de
329 2333 488 2402 abirdene
517 2343 628 2402 totum
665 2343 699 2402 et
731 2336 906 2420 Integrum
940 2335 1028 2402 lllud
1058 2343 1291 2402 tenementum
1324 2346 1477 2404 nostrum
1507 2346 1617 2404 terras

257 2438 413 2508 videlicet
445 2449 579 2506 nostras
611 2439 814 2508 anteriorem
846 2439 1039 2507 interiorem
1070 2449 1182 2508 ortum
1213 2451 1246 2508 et
1278 2441 1436 2510 horreum
1466 2441 1616 2510 eiusdem

258 2562 336 2610 cum
368 2542 585 2628 pertinenciis
616 2565 680 2628 que
710 2543 845 2612 luerunt
876 2546 1047 2630 quondam
1080 2544 1244 2621 Iohannis
1274 2567 1412 2633 murray
1441 2547 1618 2634 burgensis

259 2651 300 2718 de
316 2650 473 2718 abirdene
499 2660 533 2716 et
560 2649 657 2718 nobis
682 2671 743 2736 per
756 2653 911 2719 'eundem
936 2651 1124 2718 Iohannem
1150 2653 1191 2718 In
1214 2657 1332 2738 puram
1359 2661 1393 2720 et
1419 2663 1616 2739 perpetuam

260 2755 472 2824 elimosinam
503 2777 665 2824 concessa
696 2756 848 2824 Iacentia
877 2757 964 2824 infra
997 2757 1125 2824 dictum
1155 2758 1298 2844 burgum
1338 2759 1379 2824 In
1408 2759 1483 2826 vico
1513 2761 1615 2846 castrj

260 2883 301 2928 ex
324 2861 458 2929 Boreali
481 2870 576 2946 parte
599 2861 750 2930 eiusdem
779 2863 873 2930 Inter
895 2873 1002 2930 terras
1024 2861 1162 2949 villelmj
1188 2862 1283 2930 leslie
1305 2873 1339 2930 et
1361 2859 1486 2931 thome¹
1500 2867 1618 2932 ander·

261 2987 346 3042 soun
376 2987 418 3034 ex
446 2967 602 3034 orientali
632 2977 727 3053 parte
757 2988 798 3034 ex
826 2988 893 3035 vna
922 2977 1048 3035 terram
1076 2967 1208 3054 patricij
1240 2967 1325 3055 lesly
1351 2989 1392 3036 ex
1418 2969 1618 3038 occidentali

261 3069 414 3156 partibus
440 3071 483 3140 ab
512 3069 619 3138 altera
644 3079 678 3138 et
705 3091 904 3139 communes
928 3071 1003 3138 vias
1031 3071 1142 3158 regias
1170 3093 1289 3140 versus
1315 3081 1468 3141 austrum
1498 3084 1532 3141 et
1563 3073 1619 3143 bo·

260 3197 354 3245 ream
380 3175 653 3244 TENENDAM
681 3185 716 3244 et
742 3175 933 3245 habendam
955 3185 1065 3245 totam
1089 3187 1122 3245 et
1148 3177 1316 3264 integram
1343 3177 1470 3248 dietam
1492 3179 1624 3248 terram

261 3281 463 3350 anteriorem
496 3280 690 3350 interiorem
720 3291 831 3350 ortum
862 3291 896 3349 et
926 3283 1083 3350 horreum
1113 3283 1264 3351 eiusdem
1295 3305 1373 3351 cum
1403 3283 1619 3370 pertinenciis

260 3389 390 3474 prelato
412 3389 535 3456 andree
558 3387 629 3455 suis
651 3388 830 3458 heredibus
852 3399 886 3456 et
910 3389 1092 3475 assignatis
1114 3393 1156 3458 de
1178 3391 1275 3458 nobis
1291 3401 1324 3458 et
1340 3390 1465 3458 nostris
1487 3413 1619 3460 succes·

259 3493 390 3562 soribus
413 3495 455 3561 de
477 3515 634 3579 supremo
658 3493 794 3561 domino
817 3505 933 3562 nostro
954 3515 1033 3580 rege
1056 3505 1090 3562 et
1114 3495 1185 3562 suis
1208 3495 1460 3564 successoribus
1483 3498 1624 3584 regibus¹

261 3599 373 3668 scocie
394 3599 429 3666 in
446 3599 544 3666 feodo
565 3609 600 3666 et
623 3599 809 3668 hereditate
833 3623 872 3668 ac
897 3603 938 3668 ln
957 3600 1062 3669 libero
1085 3599 1247 3687 burgagio
1269 3601 1516 3687 imperpetuum
1540 3625 1618 3670 cum

260 3704 353 3772 omni
377 3705 454 3772 Iure
477 3713 511 3770 et
535 3703 755 3772 Iurisclameo
777 3704 877 3772 titulo
900 3705 1105 3791 proprietate
1120 3713 1154 3772 et
1169 3705 1383 3792 possessione
1403 3727 1480 3773 cum
1496 3703 1627 3775 debitis

260 3809 470 3896 longitudine
484 3819 517 3876 et
534 3809 712 3878 latitudine
727 3831 805 3878 curn
821 3809 963 3895 edificijs
979 3811 1123 3895 desuper
1138 3799 1342 3877 constructis
1358 3831 1435 3877 cum
1451 3811 1619 3897 lapidibus

261 3914 363 4000 lignis
378 3923 411 3982 et
428 3914 521 3983 calce
535 3915 585 3982 Ac
601 3935 678 3982 cum
701 3913 858 3982 omnibus
881 3915 958 4000 alijs
981 3924 1014 3983 et
1038 3915 1180 4000 singulis
1202 3915 1414 3982 libertatibus
1437 3918 1619 3984 commodi·

261 4017 389 4086 tatibus
413 4027 446 4084 et
473 4016 671 4084 asiamentis
697 4039 737 4084 ae
765 4017 870 4084 Iustis
896 4017 967 4085 suis
993 4017 1210 4104 pertinenciis
1236 4019 1491 4105 quibuscunque
1517 4041 1619 4106 quam

261 4123 445 4192 nominatis
459 4131 531 4192 tam
547 4145 615 4190 non
631 4123 815 4191 nominatis
830 4133 901 4191 tam
917 4146 1022 4210 prope
1037 4146 1139 4218 quarn
1160 4125 1276 4211 procul
1300 4135 1372 4192 tam
1395 4128 1516 4194 subtus
1530 4136 1621 4196 terra

259 4251 361 4314 quam
384 4249 487 4315 supra
508 4238 633 4297 terram
656 4231 700 4296 ad
722 4228 891 4314 predictas
913 4236 1021 4297 terras
1043 4251 1121 4298 cum
1144 4219 1361 4316 pertinenciis
1384 4231 1617 4317 spectantibus

264 4355 324 4402 seu
352 4336 446 4402 Iuste
472 4343 625 4420 spectare
649 4334 841 4403 valentibus
871 4334 1121 4419 quomodolibet
1151 4335 1186 4402 in
1215 4335 1366 4402 futurum
1397 4338 1489 4403 Adeo
1519 4336 1622 4404 libere

263 4439 413 4524 plenarie
438 4439 568 4526 integre
594 4440 777 4508 honorifice
803 4441 888 4507 bene
910 4450 945 4508 et
967 4440 1002 4506 in
1025 4463 1111 4526 pace
1131 4440 1166 4506 in
1189 4441 1347 4508 omnibus
1369 4452 1403 4509 et
1426 4461 1486 4527 per
1507 4441 1622 4510 omnia

263 4543 350 4612 sicut
366 4543 479 4630 aliqua
497 4555 586 4614 terra
600 4545 687 4614 inira
702 4546 830 4614 dictum
849 4548 993 4633 burgum
1016 4556 1075 4615 aut
1098 4557 1192 4614 extra
1211 4549 1310 4614 datur
1328 4547 1523 4615 conceditur
1538 4557 1571 4614 et
1587 4547 1622 4616 in

261 4649 449 4720 leodifirma
464 4650 689 4720 committitur
704 4651 777 4720 sine
792 4651 1008 4721 reuocatione
1025 4651 1266 4722 reclamatione
1282 4661 1340 4720 aut
1356 4647 1623 4721 contradictione
