4460 5984
706 667 867 738 Fmrdatio
888 667 1069 756 Margania
1091 665 1239 739 Chalmer
1592 687 1652 758 171

300 847 366 912 Pro
392 867 458 930 quo
488 842 648 911 collector
676 843 739 928 eijs
768 825 944 911 annuatim
976 843 1165 910 Distribuet
1195 843 1252 929 xiij
1285 845 1410 910 solidos
1435 853 1468 910 et
1495 854 1655 930 quattuor

301 949 468 1016 Denarios
484 949 530 1014 Et
546 957 621 1033 post
638 949 740 1013 finem
756 947 884 1031 prefate
901 947 1003 1012 misse
1019 949 1107 1012 idem
1121 947 1281 1014 collector
1296 947 1475 1014 caritatiue
1488 949 1654 1033 Disponet

298 1053 501 1138 pauperibus
532 1053 598 1118 Sex
627 1051 752 1117 solidos
783 1053 829 1116 Et
860 1051 994 1118 sibimet
1025 1073 1085 1136 pro
1116 1051 1350 1118 distributione
1378 1063 1457 1118 octo
1488 1053 1655 1120 Denarios
1721 1042 1727 1055 ’
1778 1031 1782 1046 ’

298 1158 447 1244 captabit
472 1159 544 1222 Nec
567 1155 697 1223 licitum
720 1157 782 1221 erit
809 1157 956 1241 prelatos
980 1157 1193 1223 collectorem
1221 1167 1375 1222 curatum
1401 1166 1434 1252 et
1461 1157 1654 1242 capellanos

297 1266 418 1331 fratres
445 1262 536 1328 Dicti
564 1261 657 1346 ehorj
685 1263 821 1328 easdem
852 1263 1013 1347 pecunias
1043 1265 1210 1348 attingere
1240 1273 1298 1330 aut
1326 1263 1502 1348 disponere
1533 1263 1653 1348 quouis

297 1379 398 1454 pacto
420 1367 486 1434 nisi
509 1368 552 1434 ad
575 1367 780 1452 emptionem
802 1367 902 1432 vnius
925 1367 1027 1452 annuj
1058 1369 1224 1434 Redditus
1245 1350 1570 1453 viginti'solidorum
1595 1377 1653 1435 aut

298 1472 583 1540 constructionem
612 1473 712 1538 vnius
743 1473 875 1557 publice
907 1473 1028 1540 domus
1058 1475 1100 1541 ad
1129 1495 1246 1540 eorum
1275 1474 1457 1540 vtilitatem
1493 1483 1654 1559 perpetuo

297 1599 432 1644 cessure
454 1579 499 1642 Et
523 1599 582 1662 pro
605 1577 723 1661 maiorj
745 1577 898 1642 veritatis
920 1577 1110 1644 assercione
1128 1587 1161 1644 et
1185 1577 1392 1644 condicionis
1415 1577 1577 1662 premisse
1597 1579 1657 1645 ob·

299 1683 494 1749 seruacione
517 1681 601 1766 petit
623 1681 770 1748 fundans
792 1681 856 1749 hoc
880 1703 1018 1766 presens
1044 1682 1215 1766 publicum
1242 1683 1505 1750 instrumentum
1537 1683 1655 1768 Sigillo

298 1785 469 1871 communj
486 1787 567 1852 dicti
583 1785 721 1871 capitulj
746 1796 779 1852 et
801 1787 944 1853 fratrum
967 1786 1117 1853 eiusdem
1134 1787 1436 1873 subscriptionibus
1452 1787 1652 1872 communirj

298 1893 385 1957 Acta
411 1891 521 1956 Erant
545 1889 608 1955 hec
634 1889 670 1955 in
696 1891 823 1974 templo
849 1891 918 1975 diuj
946 1891 1080 1975 nicolaij
1109 1893 1151 1956 de
1181 1891 1340 1958 abirdene
1366 1891 1400 1958 in
1432 1891 1557 1958 sacello
1583 1891 1652 1976 diuj

297 1994 383 2080 petrj
403 1993 547 2079 apostoli
563 1993 681 2060 horam
697 1993 830 2060 circiter
845 2016 969 2060 nonam
986 2005 1065 2060 ante
1081 1995 1261 2061 merediem
1279 1996 1349 2063 Sub
1364 2015 1454 2062 anno
1470 1995 1523 2060 die
1539 2015 1656 2062 mense

299 2098 488 2166 Indictione
513 2107 547 2163 et
573 2097 783 2184 pontifficatu
810 2097 932 2182 quibus
962 2119 1063 2182 supra
1095 2097 1313 2166 Presentibus
1344 2099 1473 2166 Ibidem
1500 2099 1655 2166 discretis

242 2281 245 2290 Ι
297 2203 378 2270 vin's
401 2202 563 2287 magistro
585 2203 704 2269 thoma
727 2203 878 2270 chalmer
891 2202 1018 2270 vicario
1041 2204 1082 2269 de
1105 2223 1236 2288 mygwe
1258 2203 1404 2270 dominis
1427 2203 1528 2271 dauid
1544 2207 1655 2272 Waus

297 2309 416 2376 thoma
446 2309 556 2392 bynne
582 2306 757 2374 Willelmo
784 2307 965 2393 philpsoun
992 2317 1025 2372 et
1052 2308 1177 2374 andrea
1208 2309 1319 2374 Waus
1351 2307 1536 2392 capellanis
1566 2309 1653 2376 Cum

298 2414 441 2482 diuersis
463 2413 539 2481 aliis
563 2415 605 2480 ad
628 2413 795 2498 premissa
816 2413 947 2480 vocatis
968 2413 1094 2498 pariter
1115 2423 1148 2479 et
1173 2413 1317 2498 Rogatis

428 2573 475 2638 Et
500 2573 575 2658 Ego
599 2571 770 2638 Iohannes
793 2570 992 2637 nicholsoun
1016 2571 1154 2638 Arcium
1179 2570 1342 2657 magister
1364 2570 1538 2656 presbyter
1561 2571 1655 2636 Dun-

427 2673 597 2742 keldensis
613 2673 785 2741 dioceseos
803 2671 957 2760 publicus
973 2695 1069 2740 sacra
1085 2674 1271 2760 apostolica
1287 2673 1488 2740 auctoritate
1503 2673 1656 2742 notarius

355 2823 381 2868 0
428 2802 531 2866 quare
553 2779 727 2866 premissis
750 2779 916 2847 Omnibus
940 2781 986 2846 Et
1014 2779 1164 2866 Singulis
1188 2779 1280 2846 Dum
1305 2778 1361 2846 Sic
1388 2787 1425 2844 ut
1449 2777 1656 2864 premittitur

350 2867 382 2948 ’ἕ
429 2885 632 2953 Dicerentur
641 2895 821 2972 agerentur
830 2895 863 2951 et
873 2885 991 2952 fierent
1001 2906 1147 2952 vnacum
1161 2883 1352 2952 Prenotatis
1362 2883 1506 2950 testibus
1517 2903 1655 2968 presens

344 2947 374 3110 f}
427 2989 652 3076 personalitur
670 2989 804 3074 interlui
824 2991 877 3056 Ea
898 3012 962 3075 que
980 2989 1104 3058 Omnia
1121 2999 1154 3058 et
1172 2989 1313 3076 Singula
1330 2989 1379 3056 sic
1395 2988 1466 3074 fierj
1483 2988 1550 3074 vidj
1568 2985 1653 3072 sciu'j

357 3111 381 3146 τ
428 3105 461 3161 et
477 3093 590 3181 audiuj
604 3093 700 3161 Acin
715 3103 832 3162 notam
845 3095 927 3182 Cepi
941 3097 1023 3163 Ideo
1038 3119 1102 3182 que
1114 3095 1178 3163 hoc
1191 3117 1330 3181 presens
1345 3093 1517 3182 publicum
1534 3095 1655 3161 instru-

356 3147 374 3236 ξ
428 3207 581 3264 mentum
605 3220 708 3265 manu
739 3219 814 3264 mea
843 3179 978 3286 prbpria
1008 3199 1152 3266 fideliter
1182 3198 1345 3286 scriptum
1376 3198 1495 3266 exinde
1526 3197 1653 3284 conlecj

428 3302 533 3388 Signo
549 3301 685 3369 nomine
708 3311 741 3369 et
757 3303 957 3388 cognomine
973 3303 1058 3370 meis
1074 3303 1183 3370 solitis
1199 3303 1245 3370 Et
1270 3303 1441 3372 consuetis
1457 3302 1597 3388 Signauj
1621 3312 1655 3370 et

429 3405 613 3493 subscripsi
629 3409 784 3494 Rogatus
806 3417 840 3474 et
859 3407 1055 3493 Requisitus
1078 3407 1112 3473 in
1128 3408 1230 3474 fidem
1246 3405 1399 3474 omnium
1415 3405 1655 3492 premissorum

515 3565 669 3633 Thomas
684 3566 863 3636 Cbawmer
878 3569 1025 3636 Curatus
1040 3569 1081 3634 de
1100 3567 1258 3636 abirdene
1274 3589 1378 3636 manu
1393 3565 1527 3652 propria

516 3671 674 3738 dominus
688 3671 790 3739 dauid
806 3673 916 3741 Waus
931 3693 1035 3740 manu
1050 3671 1168 3759 propia

517 3777 675 3844 dominus
691 3777 860 3846 Iohannes
875 3779 938 3864 tyr
945 3801 1048 3846 manu
1064 3779 1198 3865 propria

517 3879 674 3948 dominus
690 3881 861 3948 Iohannes
876 3883 987 3951 Waus
1002 3904 1106 3950 manu
1121 3881 1255 3968 propria

516 3985 674 4052 dominus
691 3985 858 4054 Ricardus
872 3990 1070 4056 Andersoun
1086 4010 1189 4055 manu
1205 3987 1339 4074 propria

517 4090 675 4158 dominus
690 4092 885 4160 Willelmus
900 4093 1040 4180 philippj
1059 4117 1162 4162 manu
1178 4095 1311 4180 propria

518 4193 676 4261 dominus
692 4197 862 4264 Iohannes
878 4219 1025 4284 cumyng
1040 4221 1143 4266 manu
1159 4199 1294 4285 propria

518 4297 675 4365 dominus
689 4301 791 4368 dauid
807 4302 944 4377 lorimar
959 4325 1062 4372 manu
1078 4305 1212 4390 propria

518 4403 677 4472 dominus
693 4405 862 4474 Iohannes
876 4409 1085 4495 goldsmytht
1102 4431 1205 4477 manu
1222 4409 1357 4495 propria

521 4511 667 4578 loannes
682 4511 787 4578 bissat
806 4513 970 4597 Magister
986 4515 1076 4582 scole
1092 4537 1196 4582 manu
1213 4514 1347 4600 propn'a

521 4615 678 4683 dominus
693 4617 901 4686 Wilhelmus
916 4641 1042 4706 couper
1056 4643 1159 4688 manu
1177 4619 1311 4706 propria
