4460 5984
622 633 684 721 196
938 632 1110 704 emmam
1131 631 1263 702 Raeto
1285 631 1526 722 capellanorum
1546 631 1666 702 calaio

709 809 796 876 Item
823 829 883 894 pro
909 809 1027 874 eodem
1053 808 1209 875 deterre
1236 810 1406 894 quondam
1433 807 1605 876 alexandri
1630 827 1756 893 conpar
1781 825 1872 874 nunc
1898 805 1980 874 dieti

622 911 749 982 domini
770 914 895 980 andrea
910 911 1076 980 Willelmi
1099 911 1276 980 blinseheil
1292 923 1325 980 et
1341 911 1506 982 Willelmi
1521 911 1661 981 brechin
1684 912 1719 978 in
1741 911 1816 978 vieo
1839 911 1980 978 nauium

623 1027 697 1084 tam
712 1019 753 1084 de
768 1015 917 1084 interiori
933 1039 1035 1102 quam
1051 1018 1204 1104 exteriorj
1515 1053 1516 1056 ι
1888 1017 1946 1102 viij
1964 1037 1981 1082 s

713 1121 856 1188 Summa
871 1121 972 1189 huius
987 1145 1031 1189 xx
1046 1145 1063 1190 s

714 1226 802 1298 Item
825 1246 885 1310 pro
907 1225 1069 1312 magistro
1084 1227 1203 1294 thoma
1224 1226 1394 1294 chawmer
1416 1237 1534 1296 curato
1557 1237 1591 1294 et
1613 1226 1686 1295 eius
1708 1235 1818 1292 matre
1836 1227 1982 1292 deterre

625 1327 775 1395 eiusdem
791 1329 944 1414 magistri
960 1329 1076 1396 thome
1091 1329 1126 1396 in
1137 1329 1212 1396 vico
1226 1328 1396 1398 furcarum
1412 1353 1452 1398 ex
1467 1331 1621 1418 orientalj
1638 1340 1734 1418 parte
1749 1329 1899 1398 eiusdem
1915 1328 1980 1414 viej

626 1453 728 1518 quam
744 1432 913 1500 inhabitat
925 1433 996 1520 ipse
1009 1443 1147 1502 curatus
1158 1457 1218 1521 pro
1230 1434 1335 1504 missa
1351 1446 1467 1504 sancte
1483 1436 1659 1504 katherine
1674 1435 1768 1504 omni
1782 1435 1866 1503 teria
1877 1434 1983 1502 tercia

626 1539 669 1606 ad
685 1537 792 1606 altere
807 1538 884 1606 diue
899 1539 1075 1608 katherine
1907 1561 1951 1606 xx
1966 1561 1983 1605 s

713 1645 855 1711 Summa
871 1644 972 1712 huius
987 1667 1030 1712 xx
1045 1667 1063 1715 s

714 1751 802 1816 Item
824 1772 885 1836 pro
909 1751 1061 1818 Iohanne
1084 1751 1248 1820 collisoun
1271 1752 1402 1820 seniore
1424 1752 1497 1820 eius
1520 1761 1615 1838 patre
1629 1761 1663 1818 et
1679 1759 1788 1818 matre
1806 1751 1887 1816 dum
1911 1748 1983 1834 ipse

624 1851 743 1920 vixerit
766 1863 800 1920 et
823 1863 899 1940 post
922 1855 1051 1923 obitum
1075 1856 1156 1922 dicti
1180 1857 1343 1924 Iohannis
1365 1879 1425 1944 pro
1448 1879 1484 1924 se
1505 1878 1607 1924 vxore
1629 1864 1747 1922 suaet
1771 1853 1920 1940 prolibus
1940 1853 1984 1918 ad

626 1957 734 2024 altare
756 1959 865 2024 sancti
889 1958 1065 2026 michaelis
1087 1961 1128 2026 de
1151 1969 1223 2028 tota
1246 1970 1279 2028 et
1303 1960 1434 2047 integra
1456 1958 1564 2046 ipsius
1587 1957 1750 2027 Iohannis
1770 1957 1804 2024 in
1819 1955 1895 2024 vico
1916 1955 1983 2022 fur-

626 2079 743 2126 carum
769 2082 811 2128 ex
836 2061 1036 2129 occidentali
1066 2073 1161 2148 parte
1191 2063 1341 2131 eiusdem
1367 2063 1433 2130 vici
1459 2085 1561 2150 quam
1587 2061 1756 2130 inhabitat
1787 2059 1983 2130 Willelmus

626 2163 763 2232 lorimar
779 2173 813 2232 et
837 2211 845 2232 .
871 2213 879 2232 .
904 2213 913 2230 .
936 2165 1042 2236 bissat
1057 2165 1226 2252 lignorum
1242 2177 1388 2235 serrator
1403 2166 1552 2236 interiori
1568 2176 1601 2234 et
1617 2163 1772 2234 exteriori
1908 2184 1952 2230 xx
1967 2183 1984 2228 s

714 2269 857 2335 Summa
873 2268 975 2336 huius
989 2290 1033 2336 xx
1048 2290 1066 2338 e

715 2371 803 2438 Item
830 2371 924 2439 obitu
950 2393 1010 2458 pro
1035 2371 1130 2440 obitu
1156 2372 1283 2440 domini
1310 2373 1474 2440 Iohannis
1499 2373 1612 2440 litstar
1637 2370 1803 2459 capellani
1827 2373 1869 2440 de
1894 2380 1984 2440 terra

627 2475 797 2558 quondam
841 2473 987 2543 richardi
1027 2473 1140 2542 litstar
1175 2475 1270 2544 iuxta
1309 2476 1486 2546 ecclesiam
1527 2485 1645 2550 sancte
1688 2475 1852 2546 trinitatis
1888 2473 1923 2542 in
1961 2475 1985 2542 li

626 2575 721 2662 grein
1606 2589 1611 2600 '
1792 2579 1848 2665 xiij
1866 2577 1985 2665 eiiijd

715 2680 858 2764 Summa
872 2679 974 2769 huius
988 2680 1044 2766 xiij
1063 2703 1080 2748 s
1095 2679 1141 2767 iiij
1159 2683 1181 2748 d

715 2783 804 2851 Item
827 2784 1026 2868 protthoma
1049 2785 1160 2869 Waus
1185 2794 1218 2852 et
1236 2807 1345 2870 „virore
1370 2784 1463 2852 omni
1484 2785 1567 2856 feria
1589 2783 1707 2871 quinta
1729 2807 1790 2873 pro
1816 2785 1921 2854 missa
1943 2785 1986 2854 de

627 2884 774 2972 quinque
789 2885 983 2963 vulneribus
1005 2888 1178 2974 ad'altare
1200 2887 1310 2972 sancti
1333 2889 1469 2976 martinj
1494 2891 1535 2956 de
1557 2899 1647 2960 terra
1669 2889 1920 2976 capellanorum
1943 2891 1986 2958 de

628 3010 717 3058 nouo
732 2989 890 3058 edificata
905 2990 940 3056 in
956 2991 1067 3078 eapite
1082 2991 1147 3074 vici
1163 2991 1302 3062 nauium
1910 3016 1955 3062 xx
1969 3017 1987 3062 s

717 3095 804 3162 Item
820 3117 881 3182 pro
898 3098 1016 3164 eodem
1032 3099 1073 3166 de
1089 3105 1177 3166 terra
1191 3097 1341 3166 willelmi
1364 3097 1541 3168 blinscheil
1564 3098 1599 3166 in
1621 3100 1740 3168 eodem
1754 3097 1829 3168 vieo
1844 3099 1985 3168 nauium

630 3199 731 3266 quta
745 3197 770 3266 li
785 3197 839 3266 kei
1069 3276 1074 3288 ¹
1107 3247 1109 3253 -
1140 3279 1143 3286 ¹
1330 3211 1333 3220 '
1817 3227 1864 3291 ιιι]
1881 3227 1899 3272 s
1914 3205 1985 3292 vjd

717 3303 859 3370 Summa
874 3302 976 3371 huius
993 3305 1084 3390 xxiiij
1102 3327 1119 3374 s
1133 3306 1166 3392 vj
1184 3307 1206 3374 d

717 3405 995 3493 Itemmagistro
1022 3409 1175 3476 Iohanne
1201 3410 1356 3478 fleseheir
1385 3410 1588 3480 cancellario
1617 3411 1698 3478 olim
1725 3413 1767 3480 de
1792 3413 1986 3500 supradicta

630 3511 730 3578 domo
756 3531 816 3596 pro
842 3509 948 3578 missa
973 3513 1014 3579 de
1041 3515 1360 3582 commemoratione
1390 3515 1489 3582 beate
1515 3514 1620 3584 marie
1644 3514 1785 3602 virginis
1810 3518 1853 3586 ad
1880 3517 1986 3586 altare

631 3615 742 3684 sancti
758 3615 933 3683 michaelis
948 3616 1041 3684 omni
1056 3619 1198 3688 sabbato
1363 3621 1372 3630 '
1497 3649 1501 3662 ·
1911 3641 1987 3688 xxs

719 3722 861 3790 Summa
876 3721 977 3789 huius
992 3744 1068 3790 xxs

719 3827 808 3894 Item
830 3849 890 3912 pro
912 3828 1094 3896 alexandro
1117 3827 1285 3896 malisoun
1308 3837 1341 3895 et
1363 3849 1464 3896 vxore
1487 3849 1546 3913 pro
1569 3826 1675 3896 missa
1689 3829 1731 3904 de
1746 3825 1893 3912 quinque
1915 3827 1987 3894 vul·

603 3997 607 4004 ,
631 3929 767 3998 neribus
789 3932 833 3998 ad
855 3931 962 3998 altare
984 3932 1093 4000 saneti
1118 3931 1257 4000 Ioannis
1279 3933 1487 4020 euangeliste
1510 3932 1602 4000 omni
1623 3931 1706 4000 feria
1729 3941 1825 4000 sexta
1850 3933 1892 4000 de
1915 3953 1988 4019 pre·

629 4035 932 4106 dietatemnoua
1830 4035 1920 4122 xxiiij
1938 4035 1987 4103 s*

718 4142 861 4209 Summa
876 4141 978 4210 huius
993 4141 1084 4227 xxiiij
1102 4164 1118 4208 s

719 4247 807 4312 Item
831 4245 994 4332 magistro
1016 4247 1118 4314 dauid
1141 4267 1277 4314 menzes
1299 4245 1391 4314 omni
1414 4255 1510 4314 sexta
1532 4245 1615 4314 feria
1637 4266 1698 4330 pro
1718 4243 1823 4312 missa
1841 4247 1883 4312 de
1898 4265 1988 4312 eom·

630 4349 787 4436 passione
803 4350 998 4418 beatissime
1012 4351 1151 4438 virginis
1174 4351 1279 4418 marie
1301 4351 1336 4419 in
1359 4350 1502 4420 ecelesia
1524 4350 1670 4418 inferiori
1689 4349 1779 4418 beati
1795 4349 1929 4436 nicolaij
1947 4351 1988 4418 de

631 4457 749 4522 eadem
766 4466 855 4522 terra
1914 4473 1990 4521 ΧΗ

702 4597 717 4626 ’
734 4597 815 4650 tinet
829 4599 892 4660 1⁶⁰⁴
904 4595 1056 4662 prodactam
1069 4597 1095 4646 tn
1106 4597 1212 4650 modum
1224 4597 1383 4664 pmbetIonte
1394 4605 1485 4650 eontra
1496 4597 1620 4650 Iacobum
1631 4597 1690 4662 lyen
1757 4595 1918 4648 Roberteonn
