4488 5996
623 665 686 736 250
895 654 1038 722 Vendilio
1061 659 1137 722 terre
1159 653 1349 744 apposito
1370 661 1476 722 curato
1498 661 1525 722 et
1547 657 1714 744 capellanis

1013 829 1066 896 Ita
1082 836 1134 896 est
1149 829 1317 898 eduardus
1332 828 1481 896 menaeis
1496 851 1600 898 manu
1615 831 1750 917 propria

1011 932 1169 1000 domiuus
1185 932 1355 1000 Iohannes
1369 933 1534 1002 collisoun
1554 956 1657 1002 manu
1672 937 1806 1022 propria

1011 1037 1168 1104 dominus
1182 1037 1337 1104 robertus
1352 1039 1454 1123 spark
1469 1059 1573 1106 manu
1589 1041 1723 1125 propria

1014 1143 1177 1228 Magister
1192 1145 1336 1212 andreas
1354 1143 1477 1212 Cullan
1493 1145 1536 1212 ad
1551 1144 1614 1212 hec
1630 1167 1734 1214 manu
1750 1151 1884 1237 propria

1012 1248 1169 1318 dominus
1185 1250 1365 1316 alexander
1381 1249 1572 1316 Robertson
1588 1271 1691 1318 manu
1707 1256 1840 1341 propria

1011 1353 1168 1422 dominus
1183 1355 1379 1422 Willelmus
1395 1355 1541 1424 Wallias
1556 1377 1659 1424 manu
1676 1360 1810 1444 propria

1011 1459 1168 1528 dominus
1184 1460 1363 1528 alexander
1378 1461 1544 1528 anderson
1560 1483 1664 1529 manu
1680 1465 1814 1550 propria

1001 1565 1174 1652 magister
1191 1567 1362 1634 Iohannes
1376 1567 1507 1655 kenedy
1522 1589 1626 1636 manu
1642 1571 1775 1656 propria

1237 1843 1363 1910 CXXI.

717 1985 906 2056 MNIBUS
928 1983 1017 2056 hanc
1040 1993 1169 2054 cartam
1185 1983 1306 2052 visuris
1320 1984 1373 2052 vel
1392 1983 1557 2052 audituris
1580 1987 1770 2073 prepositus
1793 2001 1931 2060 curatus
1946 2004 1981 2062 et

759 2090 924 2176 capellanj
953 2089 1045 2174 chorj
1074 2089 1216 2158 ecclesie
1243 2089 1464 2174 parrochialis
1491 2089 1581 2157 beati
1609 2091 1731 2179 nicolaj
1756 2097 1797 2161 de
1821 2097 1979 2166 abirdene

622 2199 786 2266 Etemam
802 2196 837 2264 in
853 2195 990 2262 domino
1013 2195 1158 2262 salutem
1183 2194 1356 2262 Noueritis
1376 2215 1439 2261 nos
1452 2195 1599 2262 utilitate
1614 2208 1731 2266 nostra
1746 2199 1781 2266 in
1797 2201 1862 2269 hac
1883 2214 1979 2288 parte

621 2325 660 2372 ac
677 2323 909 2371 successorum
926 2311 1117 2368 nostrorum
1133 2301 1280 2386 vndique
1298 2301 1432 2385 preuisa
1448 2312 1481 2368 et
1500 2301 1696 2388 Deligenter
1710 2305 1924 2375 considerata
1939 2331 1979 2376 ac

620 2409 721 2478 certis
736 2408 849 2478 causis
872 2406 1127 2476 rationabilibus
1143 2405 1276 2474 animos
1291 2416 1426 2473 nostros
1441 2407 1483 2474 ad
1500 2406 1564 2473 hoc
1580 2409 1796 2476 mouentibus
1811 2422 1844 2478 et
1859 2423 1979 2482 notan-

618 2523 671 2581 ter
689 2535 760 2600 ¹pro
789 2512 1065 2599 augmentatione
1095 2512 1235 2580 rentalis
1264 2512 1369 2596 nostrj
1395 2511 1572 2580 annuatim
1604 2523 1637 2580 et
1664 2514 1794 2599 policea
1823 2518 1917 2603 regnj
1945 2517 1979 2583 in

620 2619 832 2687 edificatione
859 2628 891 2688 et
918 2618 1129 2704 reparatione
1151 2629 1317 2686 terrarum
1340 2628 1513 2686 vastarum
1541 2617 1626 2686 inira
1653 2619 1804 2688 Domum
1827 2631 1978 2690 nostram

621 2725 841 2810 capitularem
872 2725 1102 2809 capitulariter
1139 2733 1361 2809 congregatos
1391 2723 1541 2810 vnanimj
1577 2746 1743 2794 consensu
1765 2737 1807 2794 et
1838 2749 1979 2797 assensu

621 2831 753 2898 dedisse
790 2829 998 2897 concessisse
1034 2839 1067 2896 et
1103 2831 1145 2897 ad
1179 2829 1403 2896 feodilirmam
1441 2839 1474 2896 st
1511 2829 1748 2915 emphiteosim
1779 2833 1979 2902 hereditarie

621 2935 807 3004 dimississe
830 2935 1256 3022 Tenorequepresentium
1275 2936 1354 3002 dare
1378 2936 1561 3002 concedere
1583 2945 1616 3002 et
1640 2938 1683 3003 ad
1705 2937 1928 3006 feodilirmam
1945 2950 1978 3007 et

621 3041 857 3126 emphiteosim
881 3041 1080 3108 hereditarie
1103 3041 1273 3110 dimittere
1297 3043 1461 3126 Ipsasque
1487 3041 1704 3109 donationem
1726 3045 1978 3113 concessionem

621 3159 655 3216 et
685 3147 917 3214 dimissionem
948 3146 1012 3212 hac
1042 3155 1197 3231 presente
1227 3155 1321 3213 carta
1351 3156 1467 3212 nostra
1499 3145 1699 3214 confirmare
1724 3147 1868 3216 honesto
1897 3149 1978 3217 wiro

622 3254 767 3320 donaldo
797 3253 938 3338 lyndsey
964 3251 1104 3318 calcifici
1132 3251 1241 3316 incole
1267 3252 1363 3337 burgj
1392 3253 1433 3318 de
1459 3251 1617 3318 abirdene
1643 3252 1714 3319 suis
1739 3253 1920 3322 heredibus
1945 3266 1979 3323 et

622 3357 805 3443 assignatis
828 3366 935 3424 totam
960 3357 1007 3422 Et
1029 3355 1197 3446 integram
1222 3355 1321 3422 Illam
1345 3365 1470 3422 terram
1495 3365 1647 3424 nostram
1671 3378 1749 3424 cum
1767 3359 1980 3443 pertinentiis

624 3465 796 3530 Iacentem
819 3462 905 3529 inlra
928 3461 1056 3529 dictum
1080 3464 1222 3546 burgum
1246 3460 1281 3526 in
1305 3459 1379 3527 vico
1402 3461 1549 3528 inferiori
1572 3463 1714 3529 ecclesie
1742 3463 1831 3531 inter
1853 3475 1978 3532 terram

621 3567 746 3636 roberti
775 3567 937 3636 Wschert
967 3587 1007 3633 ex
1036 3565 1235 3652 occidentalj
1264 3587 1305 3632 ex
1333 3587 1399 3633 vna
1429 3575 1554 3634 terram
1592 3566 1724 3635 Thome
1759 3569 1910 3636 chalmer
1939 3591 1981 3637 ex

622 3671 777 3758 orientalj
794 3671 946 3757 partibus
961 3672 1003 3738 ab
1019 3671 1126 3738 altera
1144 3681 1268 3738 terram
1284 3671 1400 3738 thome
1415 3671 1637 3756 lamynntoun
1653 3694 1771 3740 versus
1793 3674 1929 3741 boream
1946 3683 1980 3742 et

622 3798 837 3846 communem
854 3775 944 3844 viam
967 3776 1095 3862 regiam
1118 3797 1235 3844 versus
1258 3785 1411 3844 austrum
1434 3775 1707 3844 TENENDAM
1731 3787 1765 3844 et
1788 3777 1979 3846 habendam

609 3879 730 3950 'totam
762 3883 808 3949 Et
838 3881 1005 3968 integram
1042 3881 1169 3948 dictam
1201 3889 1326 3948 terram
1357 3903 1434 3948 curn
1465 3881 1678 3966 pertinentiis
1707 3881 1798 3949 dicto
1834 3883 1980 3951 donaldo

622 3985 755 4071 lindsay
770 3985 841 4052 suis
863 3985 1042 4052 heredibus
1057 3993 1090 4052 et
1106 3983 1289 4070 assignatis
1304 4007 1324 4052 a
1340 3985 1437 4052 nobis
1459 3993 1492 4052 et
1516 3985 1767 4052 successoribus
1792 3985 1917 4052 nostris
1937 3989 1979 4054 de

623 4113 781 4177 suprema
804 4089 942 4158 domina
964 4100 1080 4158 nostra
1103 4090 1218 4176 regina
1242 4089 1349 4158 maria
1372 4089 1522 4176 principe
1545 4101 1715 4160 scotorum
1744 4092 1980 4162 illustrissima

622 4207 656 4264 et
677 4195 748 4264 suis
763 4196 1014 4263 successoribus
1035 4195 1170 4281 regibus
1193 4217 1262 4262 sew
1283 4195 1408 4281 reginis
1431 4195 1536 4262 scotie
1559 4195 1593 4262 in
1616 4196 1713 4263 feodo
1736 4205 1769 4263 et
1793 4197 1980 4266 hereditate

623 4325 663 4370 ac
689 4303 724 4368 in
750 4301 854 4371 libero
880 4301 1041 4388 burgagio
1067 4301 1315 4387 imperpetuum
1342 4301 1445 4370 CUM
1474 4301 1682 4387 Omnj'Iure
1703 4309 1737 4368 et
1761 4301 1981 4370 Iurisolameo

623 4407 724 4475 titulo
747 4407 952 4493 proprietate
975 4417 1008 4475 et
1032 4405 1245 4492 possessione
1267 4429 1345 4475 cum
1358 4405 1491 4474 debitis
1513 4407 1723 4493 longitudine
1745 4415 1779 4474 et
1802 4407 1981 4476 latitudine

624 4533 702 4580 cum
718 4511 860 4598 edificijs
875 4514 1019 4597 desuper
1033 4519 1248 4580 constructus
1267 4511 1336 4595 [sic]
1358 4533 1417 4580 seu
1430 4511 1665 4580 construendis
1677 4533 1716 4579 ac
1729 4533 1806 4580 cum
1822 4511 1979 4580 omnibus

625 4613 701 4688 aliis
716 4625 749 4682 et
765 4615 907 4707 singulis
930 4615 1141 4685 libertatibus
1156 4615 1453 4688 commoditatibus
1468 4625 1502 4683 et
1518 4615 1716 4684 asiamentis
1732 4637 1771 4683 ac
1789 4615 1893 4684 Iustis
1909 4616 1980 4684 suis
