4472 5992
597 709 619 794 8
1025 700 1170 770 Venditio
1193 701 1362 768 Terromm
1383 701 1419 768 de
1442 702 1533 770 Crois

599 879 892 950 omittatisTeste
917 875 1068 962 meipso
1099 877 1189 962 apud
1219 873 1392 942 striueline
1418 874 1725 963 vicesimoseptimo
1751 879 1805 948 die
1832 882 1959 950 mensis

599 985 745 1055 octobris
760 987 859 1052 Anno
883 981 992 1068 Regni
1015 979 1121 1049 nostri
1145 981 1248 1048 Sexto
1265 981 1331 1046 DE
1348 979 1411 1048 ET
1428 981 1587 1049 SUPER
1608 983 1730 1067 quibus
1751 985 1909 1055 omnibus
1923 997 1958 1056 et

585 1091 741 1174 singulis
768 1087 906 1176 prelatis
933 1085 1099 1154 Ricardus
1122 1086 1163 1152 dc
1186 1085 1308 1170 kyntor
1330 1085 1520 1172 prepositus
1542 1108 1563 1154 a
1586 1107 1641 1154 me
1667 1089 1799 1157 notario
1823 1091 1958 1176 publico

599 1195 788 1280 subscripto
806 1193 869 1262 sibi
885 1192 956 1262 fieri
972 1191 1068 1278 petiit
1087 1199 1260 1278 presentes
1281 1190 1453 1277 publicum
1476 1191 1739 1262 instrumentum
1755 1196 1843 1264 Acta
1861 1207 1957 1266 erant

599 1301 662 1368 hec
678 1301 766 1386 apud
785 1299 894 1368 dictas
913 1307 1022 1366 terras
1037 1297 1078 1366 de
1095 1295 1192 1366 Crois
1207 1295 1290 1362 hora
1311 1295 1408 1381 quasi
1423 1297 1601 1366 vndecima
1617 1309 1696 1366 ante
1712 1300 1888 1369 meridiam
1903 1304 1957 1371 vel

599 1404 729 1474 eocirca
758 1407 821 1474 sub
847 1423 938 1472 anno
968 1422 1084 1470 mense
1110 1401 1164 1470 die
1196 1401 1383 1470 indictione
1413 1411 1446 1470 et
1477 1403 1676 1488 pontificatu
1707 1405 1829 1490 quibus
1858 1407 1958 1476 dictis

600 1509 816 1580 Presentibus
837 1507 960 1580 ibidem
985 1505 1237 1576 honorabilibus
1255 1505 1335 1574 viris
1353 1509 1487 1576 Andrea
1510 1517 1647 1578 stewart
1664 1511 1813 1579 Robcrto
1836 1533 1957 1580 mason

597 1616 771 1686 Willelmo
803 1616 892 1684 Dere
921 1615 1037 1682 thome
1064 1613 1226 1682 mamoch
1253 1623 1287 1681 ct
1315 1615 1463 1683 Roberto
1492 1613 1634 1702 gillespy
1660 1616 1792 1684 notario
1821 1617 1957 1704 publico

483 1783 485 1794 .
596 1722 741 1790 testibus
763 1723 806 1788 ad
829 1719 993 1806 premissa
1015 1718 1145 1788 vocatis
1168 1717 1294 1803 pariter
1316 1729 1349 1786 et
1374 1719 1517 1804 Rogatis

685 1827 731 1894 Et
747 1846 810 1911 ego
829 1825 999 1892 Iohannes
1017 1823 1200 1892 Bedenach
1215 1823 1358 1892 clericus
1372 1824 1621 1892 Aberdonensis
1636 1825 1780 1906 diocesis
1802 1827 1958 1914 publicus

750 1929 921 2016 Imperiali
948 1930 1149 1998 auctoritate
1173 1928 1325 1997 notarius
1347 1930 1427 2017 quia
1451 1929 1625 2018 premissis
1650 1931 1807 2001 omnibus
1831 1941 1865 2000 et
1889 1933 1957 2000 sin·

748 2035 836 2120 gulis
866 2036 946 2102 dum
978 2035 1025 2102 sic
1056 2043 1091 2102 vt
1122 2033 1328 2120 premittitur
1361 2044 1540 2120 agerentur
1569 2045 1603 2104 et
1633 2035 1751 2103 fierent
1780 2057 1847 2104 vna
1876 2057 1954 2104 cum

748 2139 991 2228 prenominatis
1014 2139 1158 2208 testibus
1180 2159 1319 2224 presens
1341 2139 1475 2208 interlui
1498 2161 1605 2226 eaque
1627 2139 1742 2209 omnia
1765 2149 1798 2208 et
1822 2139 1955 2226 singula

748 2246 797 2314 sic
820 2246 891 2314 fieri
913 2245 981 2314 vidi
1004 2245 1088 2314 sciui
1112 2255 1145 2312 ct
1169 2243 1282 2312 audiui
1306 2267 1346 2312 ac
1370 2243 1405 2312 in
1428 2255 1544 2312 notam
1568 2245 1696 2332 sumpsi
1721 2247 1868 2330 ideoque
1890 2245 1955 2312 hoc

749 2373 886 2438 presens
909 2350 1081 2436 publicum
1104 2349 1366 2418 instrumentum
1390 2371 1494 2418 manu
1515 2371 1591 2418 mea
1614 2349 1776 2436 scriptum
1800 2349 1955 2434 superius

748 2467 782 2526 et
800 2456 938 2526 inferius
957 2467 991 2524 et
1012 2457 1130 2525 exinde
1151 2456 1279 2524 conieci
1300 2456 1462 2542 signoque
1478 2467 1512 2524 et
1528 2455 1664 2524 nomine
1687 2455 1772 2523 meis
1792 2453 1900 2522 solitis
1920 2465 1954 2522 et

747 2563 918 2632 consuetis
933 2561 1066 2648 signaui
1083 2564 1237 2648 Rogatus
1253 2571 1287 2628 et
1302 2561 1483 2648 requisitus
1500 2565 1540 2629 In
1556 2562 1656 2634 fidem
1673 2569 1705 2627 et
1721 2557 1953 2628 testimonium

748 2669 899 2738 omnium
915 2677 949 2736 et
965 2667 1173 2754 singulorum
1190 2667 1429 2754 premissorum

1231 2946 1314 3012 vn.

985 3034 988 3043 ’
1033 3069 1178 3138 remitto
1193 3075 1348 3136 marum
1362 3069 1398 3136 o
1414 3069 1504 3136 eros

683 3193 940 3278 [O]MNIBUS
968 3192 1057 3260 hanc
1081 3201 1210 3260 cartam
1231 3191 1353 3260 visuris
1373 3192 1427 3259 uel
1448 3191 1612 3260 audituris
1640 3191 1810 3259 Iohannes
1835 3189 1952 3258 baner-

595 3322 675 3370 man
698 3301 740 3368 de
757 3297 891 3366 Alesilre
912 3297 1057 3365 salutem
1076 3297 1110 3364 in
1129 3297 1265 3366 domino
1289 3297 1529 3384 sempiternam
1553 3297 1725 3365 Noueritis
1746 3319 1800 3364 me
1819 3294 1952 3364 dedisse

594 3405 802 3475 concessisse
836 3426 876 3472 ec
910 3402 1038 3490 precise
1075 3403 1278 3488 omninoque
1312 3403 1502 3470 vendidisse
1537 3425 1576 3470 ac
1611 3403 1710 3471 titulo
1747 3399 1952 3470 venditionis

595 3513 761 3580 alienasse
795 3518 828 3578 et
862 3509 927 3577 hac
961 3507 1108 3594 presenti
1142 3517 1237 3576 carta
1270 3529 1346 3576 mea
1380 3509 1599 3576 confirmasse
1631 3505 1884 3575 honorabilibus
1917 3513 1950 3570 et

594 3615 744 3702 prouidis
769 3613 849 3682 viris
875 3613 1045 3699 preposito
1072 3613 1207 3682 ha'lliuis
1232 3613 1427 3681 consulibus
1457 3612 1678 3698 burgensibus
1704 3621 1738 3680 et
1764 3608 1968 3679 communi.

594 3719 657 3788 tati
682 3717 777 3804 burgi
802 3719 843 3786 de
867 3719 1033 3786 aberdene
1059 3727 1150 3786 totas
1174 3727 1207 3786 et
1232 3717 1381 3804 integras
1404 3728 1511 3799 terras
1537 3741 1631 3786 meas
1655 3716 1842 3803 antiquitus
1866 3735 1950 3781 nun-

594 3831 737 3907 cupatas
773 3821 804 3888 le
841 3820 1070 3908 smythihalch
1115 3821 1284 3890 modernis
1327 3823 1445 3890 diebus
1481 3832 1621 3890 vocatas
1659 3823 1690 3890 le
1729 3824 1834 3890 Croes
1871 3841 1948 3888 cum

594 3925 810 4012 pertinenciis
832 3923 982 3994 iacentes
1004 3925 1090 3994 infra
1104 3926 1378 3996 vicecomitatum
1394 3929 1435 3994 de
1451 3929 1615 3996 aberdene
1630 3929 1679 3996 Ac
1699 3937 1809 3996 totum
1835 3929 1894 3994 Ius
1916 3933 1949 3992 et

593 4031 761 4100 clameum
780 4030 897 4117 quein
916 4031 1016 4102 dietis
1035 4032 1133 4100 terris
1157 4055 1235 4102 curn
1256 4033 1472 4119 pertinenciis
1494 4033 1597 4101 habui
1620 4033 1729 4102 habeo
1748 4033 1803 4100 uel
1826 4033 1950 4100 habere

593 4145 710 4222 potero
741 4157 801 4222 pro
827 4157 882 4204 mc
908 4145 941 4204 et
968 4137 1146 4206 heredibus
1176 4137 1259 4206 meis
1286 4138 1423 4207 omnino
1449 4138 1690 4224 quitclamasse
1715 4159 1775 4224 pro
1801 4137 1948 4224 quadarn

594 4250 687 4308 certa
717 4262 851 4310 summa
881 4242 1022 4326 pecunie
1052 4265 1154 4329 quam
1181 4244 1262 4312 dicti
1289 4244 1479 4331 prepositus
1505 4243 1621 4314 balliui
1647 4255 1680 4312 et
1707 4244 1863 4312 consules
1889 4265 1949 4328 pro

595 4346 845 4432 Redempcione
860 4358 894 4416 et
910 4350 952 4416 ob
968 4348 1288 4434 impignoracionem
1312 4351 1477 4418 dictarum
1498 4359 1662 4418 terrarum
1683 4371 1761 4418 cum
1781 4349 1948 4434 pertinen·

593 4451 655 4520 ciis
670 4455 713 4520 ab
730 4453 911 4522 Edmundo
926 4455 1110 4522 banerman
1126 4455 1195 4522 lilio
1210 4467 1244 4524 et
1260 4457 1381 4524 herede
1397 4457 1565 4542 quondam
1587 4453 1749 4523 Iohannis
1764 4455 1948 4522 banerman

592 4557 720 4626 dudum
747 4557 981 4628 satisfecerunt
1009 4561 1150 4628 Necnon
1177 4561 1280 4628 michi
1306 4560 1341 4628 in
1367 4581 1443 4627 mea
1469 4580 1594 4644 magna
1621 4569 1654 4626 et
1677 4557 1808 4644 vrgenti
1834 4577 1948 4624 neces·

593 4661 694 4740 sitate
725 4665 810 4734 bene
841 4673 880 4736 et¹
906 4665 1049 4734 fideliter
1079 4666 1311 4754 persoluerunt
1343 4665 1377 4732 in
1408 4675 1564 4754 prompta
1595 4664 1738 4754 pecunia
1769 4671 1947 4732 numerata
