4488 5996
631 647 793 714 Fundatio
813 649 961 736 mgistri
981 649 1095 716 roberti
1117 649 1245 717 Sohund
1558 673 1620 740 247

263 820 442 888 merediem
470 823 532 888 sub
559 842 649 888 anno
675 821 728 889 die
753 841 869 890 mense
895 832 928 890 et
958 821 1158 908 pontificatu
1184 824 1306 909 quibus
1332 847 1433 911 supra
1457 827 1619 912 presenti-

263 927 326 994 bus
364 925 494 993 Ibidem
530 927 682 994 Iohanne
713 929 856 997 brabner
889 927 1035 994 dominis
1067 928 1218 997 Iohanne
1248 931 1394 1018 Wrycht
1426 943 1459 1000 et
1491 934 1620 1002 valtero

263 1031 348 1100 blair
369 1031 554 1116 capellanis
580 1053 656 1100 cum
684 1033 827 1101 diuersis
853 1033 929 1102 aliis
952 1033 1096 1102 testibus
1122 1036 1164 1102 ad
1191 1036 1356 1121 premissa
1381 1037 1511 1106 vocatis
1533 1038 1619 1124 pari·

262 1146 380 1222 terque
397 1137 541 1224 Rogatis

394 1331 440 1398 Et
464 1333 540 1418 Ego
562 1331 663 1400 dauid
687 1330 863 1398 nicholson
889 1331 1013 1399 artium
1037 1331 1204 1417 professor
1229 1333 1405 1419 scribaque
1429 1335 1620 1402 communis

393 1435 634 1504 aberdonensis
655 1445 689 1502 et
712 1435 862 1503 eiusdem
878 1435 1052 1504 dioceseos
1067 1457 1164 1504 sacra
1180 1437 1287 1504 eciam
1303 1439 1489 1524 apostolica
1504 1449 1618 1506 aucto·
1690 1444 1697 1458 ⁸

320 1529 345 1629 :03
392 1541 492 1608 ritate
515 1541 667 1608 notarius
689 1539 844 1626 publicus
867 1541 946 1626 quia
969 1539 1143 1625 premissis
1158 1541 1315 1612 omnibus
1330 1553 1363 1609 et
1380 1543 1521 1630 singulis
1537 1547 1618 1612 dum

312 1613 337 1783 ,Ξ
393 1645 441 1712 sic
465 1656 501 1714 ut
524 1645 731 1730 premittitur
752 1648 951 1713 decorentur
972 1655 1006 1712 et
1029 1645 1147 1712 herent
1169 1667 1237 1714 vna
1251 1669 1328 1714 cum
1350 1649 1537 1733 prenotatis
1552 1659 1618 1716 tes·

312 1783 345 1854 ἓ,
366 1791 369 1796 -
392 1749 483 1816 tibus
505 1749 640 1816 interlui
663 1771 769 1834 eaque
791 1749 905 1816 omnia
928 1759 962 1816 et
985 1749 1118 1836 singula
1135 1749 1183 1816 sic
1206 1750 1277 1816 lieri
1299 1751 1366 1818 vidi
1390 1763 1423 1819 et
1446 1753 1560 1820 audiui
1584 1763 1617 1820 et

319 1855 337 1946 ξ
392 1853 425 1919 in
456 1865 572 1922 notam
603 1853 677 1939 cepi
707 1875 748 1920 ex
778 1853 899 1940 quibus
929 1855 993 1921 hoc
1023 1853 1195 1938 publicum
1221 1854 1483 1924 instrumentum
1507 1857 1617 1924 aliena

392 1979 495 2024 manu
518 1957 662 2024 fideliter
683 1957 846 2044 scriptum
869 1957 1092 2044 chirographo
1119 1957 1250 2044 signauj
1279 1969 1313 2026 et
1340 1959 1522 2046 subscripsi
1550 1962 1617 2028 Ro·

391 2073 492 2150 gatus
507 2073 540 2130 et
556 2063 737 2150 requisitus
752 2063 786 2132 in
802 2064 902 2130 fidem
919 2073 952 2130 et
964 2063 1197 2131 testimonium
1213 2064 1364 2132 omnium
1377 2065 1616 2150 premissorum

887 2345 995 2412 CXX.

358 2499 545 2568 MNIBUS
570 2499 658 2564 hanc
684 2499 824 2566 Cartam
850 2495 972 2564 visuris
997 2497 1050 2564 vel
1077 2496 1251 2564 Audituris
1277 2496 1440 2582 magister
1464 2498 1617 2564 robertus
1638 2511 1743 2564 ὤιον

372 2605 508 2672 Schand
521 2613 630 2670 rector
641 2603 781 2669 ecclesie
793 2601 1013 2688 parrochialis
1026 2603 1066 2668 de
1080 2601 1189 2668 alnais
1202 2623 1241 2668 ac
1253 2599 1440 2668 canonicus
1452 2601 1618 2668 rossensis
1638 2626 1756 2680 nomos

260 2719 412 2776 eternam
437 2709 471 2776 in
489 2707 635 2776 domino
661 2709 805 2774 salutem
834 2707 1062 2774 Premeditato
1086 2707 1175 2791 quod
1201 2726 1319 2772 omnes
1346 2705 1512 2772 stabimus
1538 2715 1617 2773 ante
1638 2694 1755 2810 ffliffl

261 2815 408 2882 tribunal
435 2813 562 2900 dominj
590 2812 696 2878 nostri
725 2813 827 2878 lhesu
854 2811 972 2878 christi
999 2821 1096 2898 prout
1123 2811 1157 2876 in
1184 2831 1321 2896 corpore
1351 2810 1519 2895 gessimus
1536 2811 1617 2879 ‘siue
1640 2823 1745 2877 Serrano

260 2921 385 2988 bonum
416 2919 488 2986 siue
513 2919 639 2986 malum
663 2917 826 3004 recepturj
853 2919 987 2984 Bonum
1014 2925 1065 2983 est
1090 2916 1198 3002 Igitur
1219 2916 1307 2982 diem
1330 2915 1471 2983 extremi
1496 2917 1615 3004 Iudicij

261 3023 418 3108 operibus
442 3021 667 3090 misericordie
691 3021 864 3106 preuenire
881 3021 936 3088 Sic
953 3015 1041 3106 qu'od
1057 3020 1208 3106 dispersa
1222 3029 1256 3086 et
1273 3020 1440 3088 seminata
1462 3020 1496 3087 in
1519 3022 1617 3089 terris

261 3127 439 3212 multiplici
459 3128 572 3207 ‘fructu
595 3125 751 3210 colligere
772 3125 946 3192 valeamus
961 3126 996 3191 in
1019 3125 1100 3192 celis
1116 3127 1203 3192 Cum
1219 3124 1322 3192 etiam
1341 3147 1400 3210 per
1415 3125 1488 3212 pias
1502 3127 1617 3212 depre-

260 3231 411 3298 cationes
441 3241 474 3298 et
504 3231 685 3297 missarum
716 3229 875 3314 suffragia
903 3229 958 3297 vbi
989 3229 1079 3296 lilius
1108 3251 1169 3314 pro
1197 3227 1346 3313 peccatis
1376 3229 1500 3296 nostris
1529 3231 1616 3316 patri

259 3337 397 3404 offertur
426 3336 593 3403 credimus
623 3345 764 3422 peccata
800 3333 925 3401 dimitti
963 3334 1146 3420 purgatorij
1186 3355 1291 3420 penas
1327 3333 1480 3401 demoliri
1509 3343 1543 3402 et
1573 3336 1616 3402 ab

259 3439 385 3507 eisdem
424 3441 657 3507 defunctorum
686 3439 818 3507 animas
847 3440 1037 3524 frequenter
1073 3437 1206 3507 liberari
1236 3448 1269 3505 et
1299 3439 1446 3522 paradisi
1482 3440 1616 3526 gaudijs

259 3545 418 3613 collocari
450 3545 625 3612 Noueritis
651 3567 705 3612 me
732 3545 785 3612 his
812 3545 925 3612 animo
949 3543 1112 3612 reuolutis
1138 3554 1171 3611 et
1198 3543 1375 3630 diligenter
1397 3545 1556 3630 pensatis.
1574 3547 1615 3612 In

258 3649 420 3716 bonorem
451 3649 568 3716 christi
598 3651 861 3737 cunctipotentis
890 3649 1026 3736 deipare
1051 3649 1190 3735 virginis
1221 3649 1418 3717 Intimerate
1448 3673 1488 3718 ac
1518 3651 1615 3720 beate

258 3773 346 3820 anne
383 3753 600 3840 omniumque
638 3765 831 3822 sanctorum
866 3753 981 3820 celesti
1014 3753 1103 3838 cetuj
1128 3751 1371 3822 associatorum
1409 3775 1469 3840 pro
1506 3755 1615 3824 salute

257 3858 369 3924 anime
396 3880 470 3925 mee
492 3881 532 3926 ac
556 3860 745 3926 animarum
771 3859 907 3926 donaldi
932 3859 1060 3926 schand
1076 3858 1182 3944 patris
1205 3857 1270 3944 mej
1295 3869 1483 3944 margarete
1504 3859 1615 3928 sorbes

257 3961 376 4028 matris
401 3983 475 4030 mee
501 3964 653 4050 magistri
684 3966 807 4031 andree
833 3965 963 4031 forman
994 3965 1074 4030 olim
1105 3963 1338 4032 sanctiandrcc
1360 3965 1613 4052 Archiepiscopj

257 4063 359 4149 legati
378 4065 449 4131 nati
466 4085 599 4132 aecum
623 4075 792 4152 potestate
815 4077 848 4132 et
871 4066 1033 4133 facultate
1056 4068 1098 4133 de
1120 4067 1225 4133 latere
1247 4065 1351 4152 legati
1366 4067 1520 4134 Aeetiam
1543 4068 1613 4134 ani·

257 4189 389 4235 mamm
419 4167 579 4254 prepositi
608 4169 809 4237 balliuorum
833 4180 866 4235 et
898 4167 1153 4237 communitatis
1179 4169 1274 4254 burgi
1304 4171 1345 4236 de
1375 4171 1540 4237 aberdene
1571 4171 1613 4252 (si

257 4273 456 4340 subinsertis
485 4274 724 4360 perimplendis
753 4273 931 4360 diligenter
959 4273 1165 4342 aduerterint
1188 4283 1221 4340 et
1252 4274 1422 4342 obseruari
1458 4275 1610 4357 fecerint)

257 4377 398 4444 Necnon
425 4378 575 4445 omnium
599 4379 848 4447 benefactorum
872 4399 1023 4446 meorum
1045 4399 1085 4445 ac
1109 4377 1248 4446 Illorum
1271 4378 1422 4446 omnium
1447 4379 1612 4465 aquibus

256 4479 369 4565 aliqua
384 4483 472 4550 bona
488 4481 600 4550 minus
616 4484 711 4550 Iuste
726 4482 827 4570 habuj
846 4483 892 4549 Et
904 4483 1056 4550 omnium
1068 4482 1217 4551 fidelium
1230 4483 1463 4551 defunctorum
1479 4485 1610 4553 dedisse

257 4584 464 4651 concessisse
484 4585 687 4654 deliberasse
703 4595 736 4654 et
752 4586 817 4654 hac
840 4597 996 4673 presente
1019 4597 1112 4654 carta
1134 4607 1211 4656 mea
1233 4587 1451 4656 confirmasse
1465 4588 1611 4657 'fenore-
1659 4633 1662 4638 -
