4460 5984
599 609 731 678 Rana
751 607 890 678 abitrum
911 615 940 676 et
960 607 1262 676 Anniusrsariomm
1545 627 1606 676 221

253 783 476 872 quadraginta
506 785 622 854 solidis
645 787 687 852 de
710 783 810 852 terris
839 784 880 850 de
904 783 1113 870 Auchquyolt
1137 793 1170 850 et
1198 785 1386 850 Camabow
1411 783 1608 870 Jacentibus

252 887 287 954 in
297 887 437 956 baronia
448 891 490 956 de
501 889 646 975 syndone
656 887 742 954 infra
753 885 1027 954 vicecomitatum
1039 887 1081 952 de
1093 883 1278 971 kineardyn
1290 885 1465 953 Willelmo
1479 887 1609 972 Kyntor

252 990 453 1058 hereditarie
468 989 741 1076 contingentibus
755 998 791 1056 vt
807 989 1008 1074 respondere
1022 987 1128 1055 velint

340 1198 558 1266 Honorabilis
586 1199 638 1266 vir
669 1199 837 1266 Robertus
863 1197 1004 1265 blinsele
1030 1199 1200 1284 quondam
1231 1197 1421 1284 prepositus
1447 1199 1542 1286 burgi
1568 1201 1608 1266 de
1631 1207 1831 1286 somersette-

252 1301 418 1368 Abirdene
461 1301 616 1370 fundauit
653 1323 754 1369 vnarn
793 1301 985 1387 lampadem
1029 1303 1238 1388 temporibus
1279 1303 1401 1370 futuris
1438 1303 1608 1389 perpetuis
1630 1275 1823 1406 peppigpmpra·

251 1406 440 1492 yemalibus
468 1409 665 1475 duraturam
696 1409 870 1476 ardentem
901 1427 961 1492 pro
992 1405 1101 1474 salute
1127 1407 1240 1474 anime
1267 1429 1326 1474 suc
1352 1407 1608 1492 animarumque

251 1523 430 1597 parentum
445 1524 698 1582 antecessorum
723 1533 955 1580 successorum
979 1533 1019 1579 ac
1042 1511 1193 1579 omnium
1210 1513 1358 1580 fidelium
1376 1514 1607 1581 defunctorum

252 1618 295 1682 ad
311 1617 417 1684 altare
432 1618 627 1685 beatissime
642 1617 781 1704 virginis
796 1617 902 1684 marie
916 1617 1002 1684 inira
1021 1617 1199 1684 ecclesiam
1223 1617 1449 1703 parochialem
1472 1618 1608 1706 gloriosi

252 1720 358 1786 nostri
388 1721 520 1808 patronj
553 1721 670 1790 Sancti
695 1721 853 1806 nicholaij
879 1723 921 1789 de
947 1722 1113 1789 aberdene
1140 1743 1199 1810 pro
1227 1723 1428 1808 quaquidem
1452 1724 1609 1809 lampade

252 1824 450 1894 sustinenda
480 1827 671 1913 sepedictus
699 1827 867 1893 Robertus
898 1827 1088 1894 Inleodauit
1116 1827 1339 1914 Capellanum
1370 1827 1486 1902 altaris
1516 1839 1609 1896 ante·
1732 1895 1734 1909 ,

252 1929 332 1996 dicti
367 1931 401 1997 in
430 1953 497 2000 vno
534 1953 647 2000 annuo
686 1931 833 2000 Redditu
870 1933 1012 2000 duorum
1043 1955 1060 2000 s
1090 1933 1266 2001 annuatim
1297 1935 1338 2000 de
1368 1943 1457 2001 terra
1493 1935 1610 2001 thome

251 2035 429 2120 gladstaue
465 2035 500 2103 in
538 2037 569 2103 le
606 2057 709 2123 grene
746 2037 834 2102 inter
869 2045 994 2104 terram
1030 2037 1194 2122 Willelmj
1234 2039 1420 2104 andersone
1457 2059 1498 2104 cx
1534 2060 1610 2106 aus·

251 2137 328 2206 trali
368 2151 402 2206 et
444 2161 641 2210 communes
679 2141 752 2208 vias
792 2138 902 2225 regias
941 2163 983 2210 ex
1024 2141 1141 2210 boriali
1186 2141 1341 2210 orientali
1383 2151 1417 2210 et
1457 2141 1610 2210 occiden-

251 2240 311 2308 tali
335 2242 488 2328 partibus

338 2451 461 2520 Obitus
487 2455 656 2538 quondam
679 2453 879 2522 venerabilis
900 2452 963 2520 viri
986 2451 1113 2520 domini
1136 2453 1259 2520 andree
1286 2452 1413 2539 henricj
1441 2453 1606 2541 capellanj

250 2555 330 2622 olim
362 2557 479 2624 altaris
508 2559 576 2644 diuj
609 2559 757 2646 leonardj
789 2559 823 2625 in
853 2557 997 2627 ecclesia
1019 2557 1108 2625 beati
1140 2557 1261 2644 nicolaj
1293 2560 1335 2625 de
1358 2559 1515 2626 abirdene
1545 2557 1607 2626 erit

251 2681 384 2748 semper
404 2663 487 2730 feria
509 2663 614 2730 tercia
630 2665 755 2732 festum
778 2673 992 2754 pentecostes
1014 2663 1209 2730 immediate
1232 2673 1393 2749 sequente
1416 2663 1498 2731 obiit
1517 2685 1608 2732 anno

251 2765 386 2832 domino
403 2766 583 2834 millesimo
598 2767 867 2853 quingentesimo
882 2769 986 2836 tercio
1003 2767 1056 2834 die
1071 2788 1150 2856 vero
1166 2767 1292 2834 mensis
1317 2816 1325 2833 .
1351 2817 1358 2833 .
1384 2817 1393 2833 .
1417 2767 1473 2853 qui
1496 2767 1608 2834 obitus

251 2869 473 2938 celebrabitur
485 2872 660 2939 annuatim
673 2871 708 2938 in
724 2873 853 2958 prelata
869 2871 1012 2960 ecclesia
1024 2881 1103 2940 ante
1115 2871 1243 2939 dictum
1256 2871 1362 2938 altare
1374 2871 1442 2956 diuj
1457 2869 1606 2938 leonardi

219 2997 222 3012 ¹
251 2997 328 3042 cum
344 2976 448 3044 missa
464 2980 505 3044 de
520 2988 602 3045 nota
617 2987 650 3045 et
666 2977 829 3064 trigintali
840 3001 901 3064 per
912 2979 1119 3046 ebdomitam
1133 2987 1328 3072 sequentem
1341 2998 1401 3063 per
1413 2976 1608 3062 capellanos
1636 2965 1637 2968 ¹

250 3079 344 3147 chori
375 3081 458 3167 diuj'
476 3081 598 3168 nicolaj
630 3083 685 3150 de·
702 3083 867 3150 aberdene
896 3105 956 3168 pro
986 3081 1189 3167 quoquidem
1225 3079 1454 3147 anniuersario
1488 3079 1608 3165 prelati

250 3185 415 3272 capellani
438 3187 651 3255 infeodantur
665 3189 706 3254 de
721 3187 778 3274 xiij
796 3197 861 3255 set
877 3187 923 3274 iiij
941 3190 963 3256 d
979 3191 1020 3254 dc
1035 3197 1124 3254 terra
1143 3188 1312 3272 quondam
1334 3186 1457 3252 andree
1480 3183 1607 3250 henrici

249 3311 340 3358 nunc
355 3292 516 3360 heredum
532 3295 655 3360 andree
671 3295 792 3361 bumat
807 3313 911 3378 prope
926 3291 950 3359 li
966 3293 1117 3360 damatis
1132 3291 1264 3378 gawille
1279 3299 1333 3356 etc

338 3501 514 3569 Honestus
522 3502 573 3568 vir
584 3503 753 3570 Iohannes
766 3505 923 3571 Stenarte
932 3503 1108 3589 burgensis
1119 3501 1213 3588 burgi
1224 3503 1265 3568 de
1277 3500 1443 3568 Abirdene
1453 3499 1606 3567 fundauit
1627 3517 1673 3570 tot
1684 3517 1737 3570 so¹

249 3625 351 3672 vnarn
385 3606 525 3674 missam
556 3607 660 3675 semel
690 3607 725 3675 in
759 3609 929 3676 ebdomita
963 3609 1111 3694 qualibet
1145 3607 1199 3674 die
1232 3606 1363 3673 veneris
1395 3605 1477 3672 feria
1511 3615 1606 3672 sexta
1628 3649 1760 3700 lohannes

248 3709 370 3777 tuturis
385 3713 555 3798 perpetuis
569 3715 777 3800 temporibus
792 3716 1037 3784 celebrandam
1052 3735 1112 3801 pro
1136 3715 1245 3780 salute
1260 3712 1373 3779 anime
1396 3705 1456 3778 sue
1478 3709 1605 3776 anima·
1628 3715 1747 3766 seeum

248 3837 391 3916 rumque
421 3818 573 3906 coniugis
603 3841 663 3886 sue
696 3830 873 3906 parentum
907 3821 1158 3888 benefactorum
1196 3829 1229 3886 et
1266 3817 1417 3884 omnium
1455 3814 1604 3882 fidelium

249 3921 482 3988 defunctorum
498 3923 541 3990 ad
554 3925 660 3992 altare
676 3923 793 3992 Sancti
815 3925 930 3992 Iacobi
953 3925 1039 3992 infra
1062 3922 1241 3992 ecclesiam
1264 3918 1491 4006 parochialem
1516 3917 1606 3985 beati

248 4023 407 4110 nicholaij
439 4029 479 4094 de
509 4025 676 4096 Abirdene
705 4049 765 4115 pro
795 4029 997 4115 quaquidem
1028 4029 1133 4096 missa
1166 4025 1367 4094 celebranda
1396 4022 1541 4090 vicarius
1571 4033 1604 4090 et

248 4131 415 4218 capellanj
447 4131 528 4200 dicti
558 4133 688 4221 collegii
718 4135 931 4204 infeodantur
960 4135 1137 4202 annuatim
1167 4133 1202 4200 in
1232 4153 1298 4198 vno
1328 4151 1442 4197 annuo
1472 4128 1604 4196 redditu

250 4237 498 4324 Septemdecim
515 4241 697 4308 solidorum
713 4251 747 4310 ct
762 4252 906 4326 quatuor
926 4242 1138 4310 denariorum
1154 4241 1195 4307 de
1213 4249 1302 4304 terra
1318 4236 1425 4323 ipsius
1441 4233 1604 4302 Iohannis

251 4343 388 4410 iacente
403 4343 438 4410 in
453 4343 527 4412 vico
548 4345 718 4415 furcarum
742 4368 783 4414 ex
805 4346 959 4414 orientali
982 4355 1077 4432 parte
1100 4345 1250 4411 eiusdem
1265 4340 1331 4408 vici
1354 4349 1448 4406 extra
1470 4347 1601 4423 portam

249 4447 337 4514 inter
350 4458 475 4516 terram
491 4453 660 4535 quondam
679 4452 825 4538 duncanj
851 4451 1001 4520 lundoris
1017 4472 1057 4517 ex
1072 4449 1213 4516 australi
1236 4457 1269 4513 ct
1292 4456 1417 4512 terram
1433 4442 1602 4528 quondam

250 4551 414 4620 Willelmi
438 4555 621 4623 adamsone
636 4577 677 4623 ex
692 4556 929 4624 boriali'cuius
952 4555 1064 4624 anime
1086 4551 1290 4641 propicietur
1309 4551 1393 4616 deus
1417 4549 1604 4614 Reseruato
