4490 5990
646 703 748 770 Carra
768 701 890 770 donini
911 701 1054 768 willelmi
1070 700 1230 790 philpsous
1562 721 1622 786 141

267 873 493 944 residentibus
516 884 550 942 et
574 873 689 943 diuina
715 895 776 962 pro
801 885 955 961 tempore
977 873 1227 944 celebrantibus
1252 875 1418 943 duntaxat
1440 873 1566 944 Totam
1589 883 1624 944 et

267 981 434 1068 integram
456 981 550 1050 illam
572 991 698 1048 terram
722 1003 834 1050 meam
850 980 1053 1050 anteriorem
1076 979 1270 1048 interiorem
1290 989 1324 1048 et
1345 989 1457 1049 ortum
1472 979 1624 1048 eiusdem

268 1107 345 1156 cum
375 1086 594 1174 pertinenciis
624 1089 798 1157 iacentem
828 1085 914 1155 inira
947 1086 1076 1156 dictum
1107 1087 1250 1173 burgum
1281 1085 1316 1153 in
1345 1085 1420 1154 vico
1449 1085 1555 1154 veridi
1584 1107 1626 1152 en

268 1189 423 1258 orientali
448 1200 546 1278 parte
571 1189 722 1259 eiusdem
752 1189 841 1258 inter
866 1199 992 1258 terram
1018 1192 1188 1276 quondam
1215 1189 1387 1258 alexandri
1419 1190 1554 1258 Roucbt
1585 1211 1628 1258 ex

268 1295 394 1365 boreali
416 1317 458 1364 ex
479 1315 547 1364 vna
568 1307 694 1365 terram
717 1295 858 1364 villelmi
884 1297 1020 1364 vobster
1045 1317 1086 1364 ex
1108 1295 1249 1381 australi
1275 1295 1428 1382 partibus
1451 1297 1494 1364 ab
1518 1293 1628 1363 altera

268 1421 484 1469 communem
498 1399 589 1469 viam
604 1401 731 1487 regiam
746 1419 864 1468 versus
879 1399 1037 1468 occidens
1057 1408 1091 1468 et
1113 1401 1341 1485 aqueductum
1357 1398 1626 1468 molendinorum

269 1503 351 1574 dicti
375 1505 470 1593 burgi
492 1527 610 1575 versus
633 1506 744 1574 oriens
767 1504 966 1578 Tenendum
992 1513 1025 1572 et
1050 1504 1240 1574 habendam
1265 1515 1374 1573 totam
1400 1513 1434 1572 et
1458 1503 1626 1590 integram

270 1609 397 1680 dictam
419 1621 545 1680 terram
568 1632 646 1680 cum
672 1609 890 1698 pertinenciis
915 1606 1055 1696 prelatis
1079 1606 1206 1676 vicario
1232 1617 1266 1675 et
1288 1607 1476 1694 capellanis
1497 1616 1533 1675 et
1556 1605 1628 1674 suis

271 1717 522 1786 successoribus
537 1737 559 1784 a
574 1737 629 1784 me
644 1725 678 1784 et
693 1715 873 1784 heredibus
888 1712 973 1781 meis
989 1714 1030 1780 de
1045 1733 1204 1799 supremo
1218 1711 1355 1780 domino
1370 1719 1487 1780 nostro
1502 1731 1580 1797 rege
1592 1719 1627 1780 et

270 1822 342 1891 suis
356 1821 607 1890 successoribus
626 1820 762 1908 regibus
779 1817 890 1888 scocie
912 1820 1166 1906 imperpetuum
1186 1838 1265 1884 cum
1286 1815 1379 1884 omni
1394 1817 1473 1884 Iure
1487 1823 1522 1882 et
1538 1813 1627 1884 Iuris

271 1925 402 1995 clamen
417 1947 495 1996 cum
510 1925 634 1996 debitis
648 1923 859 2012 longitudine
876 1933 912 1991 et
926 1921 1106 1991 latitudine
1121 1944 1199 1990 cum
1215 1920 1357 1990 edificiis
1380 1923 1524 2008 desuper
1548 1941 1627 1990 con·

271 2031 410 2102 structis
424 2042 458 2100 ct
481 2029 718 2101 construendis
740 2049 781 2098 ac
805 2049 883 2098 cum
909 2027 1067 2097 omnibus
1090 2027 1165 2096 aliis
1187 2037 1221 2095 et
1246 2025 1389 2114 singulis
1415 2027 1630 2096 libertatibus

271 2135 569 2206 commoditatibus
583 2145 617 2206 et
640 2131 839 2204 asiamentis
856 2155 897 2202 ac
921 2133 1026 2202 Iustis
1049 2131 1120 2201 suis
1135 2131 1351 2220 pertinenciis
1373 2131 1628 2218 quibuscunque

270 2249 342 2309 tam
358 2261 426 2309 non
441 2239 627 2310 nominatis
640 2261 743 2327 quam
765 2237 951 2307 nominatis
972 2247 1044 2306 tam
1068 2239 1190 2306 subtus
1206 2247 1334 2306 terram
1349 2259 1452 2324 quam
1467 2259 1569 2325 super
1583 2239 1627 2306 ad

271 2345 398 2416 dictam
407 2356 532 2416 terram
543 2345 776 2434 spectantibus
787 2365 848 2412 seu
860 2345 956 2412 Iuste
967 2351 1119 2428 spectare
1128 2342 1319 2412 valentibus
1331 2343 1580 2428 quomodolibet
1592 2342 1627 2410 in

270 2451 421 2520 futurum
436 2453 531 2520 Adeo
545 2450 649 2520 libere
663 2447 813 2536 plenarie
828 2447 958 2534 integre
973 2446 1156 2515 honorifice
1171 2448 1256 2516 bene
1271 2457 1305 2516 et
1321 2447 1356 2514 in
1371 2469 1456 2534 pace
1470 2447 1505 2516 in
1521 2447 1628 2516 omni·

272 2556 335 2624 bus
353 2565 387 2624 et
405 2577 465 2644 per
485 2555 599 2624 omnia
622 2555 709 2622 sicut
732 2554 846 2639 aliqua
867 2561 957 2621 terra
980 2551 1066 2620 infra
1088 2573 1230 2638 regnum
1253 2552 1364 2620 scocie
1378 2553 1413 2620 in
1429 2564 1626 2640 perpetuam

272 2659 485 2730 elimosinam
501 2657 682 2729 dimittitur
704 2669 763 2727 aut
779 2657 975 2726 conceditur
989 2667 1162 2726 reseruato
1184 2666 1300 2726 tamen
1316 2658 1420 2726 micbi
1439 2681 1500 2746 per
1514 2659 1629 2729 omnia

272 2765 413 2832 liberum
436 2773 668 2832 tenementum
691 2772 725 2830 et
747 2761 1048 2831 usumfructionem
1068 2761 1220 2830 eiusdem
1243 2763 1400 2832 omnibus
1420 2763 1539 2832 diebus
1560 2765 1628 2832 vite

272 2893 346 2938 mee
361 2873 439 2940 Vno
453 2881 570 2940 tamen
585 2890 698 2939 annuo
716 2868 848 2938 redditu
869 2869 986 2938 decem
1010 2867 1193 2937 solidorum
1217 2869 1394 2938 annuatim
1409 2870 1555 2940 leuando
1570 2891 1630 2956 per

273 2976 382 3045 dictos
410 2976 575 3046 vicarium
604 2985 638 3044 et
676 2975 871 3062 capellanos
907 2963 1045 3044 nomine
1081 2975 1210 3044 domini
1244 2977 1383 3063 dempto
1419 2985 1454 3045 et
1490 2979 1629 3046 obtento

274 3083 445 3153 Faciendo
460 3082 539 3152 inde
561 3081 643 3151 dicti
658 3081 805 3150 vicarius
819 3091 854 3150 et
869 3081 1037 3168 capellani
1053 3091 1087 3150 et
1102 3103 1219 3150 eorum
1235 3101 1448 3150 successores
1463 3083 1630 3168 Supremo

273 3187 411 3257 domino
436 3197 552 3257 nostro
578 3187 649 3275 regi
675 3186 856 3256 seruicium
883 3187 1082 3275 burgagium
1105 3187 1184 3256 iude
1206 3187 1357 3258 debitum
1380 3197 1414 3256 et
1429 3196 1630 3257 consuetum

274 3295 416 3362 Necnon
429 3293 677 3363 celebrantibus
689 3291 865 3361 annuatim
875 3293 1076 3363 durantibus
1087 3291 1206 3364 diebus
1216 3292 1285 3362 vite
1296 3314 1371 3362 mee
1381 3294 1426 3362 ad
1440 3291 1630 3380 predictum

272 3401 381 3470 altare
395 3399 499 3471 trium
515 3403 632 3487 regum
646 3421 748 3469 vnam
772 3399 1040 3470 anniuersarium
1063 3399 1204 3468 missam
1220 3397 1376 3468 videlicet
1396 3399 1439 3468 de
1454 3407 1536 3468 nota
1551 3419 1630 3468 cum

273 3505 445 3594 trigentali
460 3528 520 3594 per
534 3507 756 3575 ebdomadem
772 3505 807 3574 in
823 3505 994 3576 dominica
1004 3507 1154 3574 secunda
1169 3503 1424 3592 quadragesime
1440 3525 1502 3592 pro
1516 3503 1631 3573 anima

273 3621 308 3679 ct
323 3610 510 3680 intentione
525 3633 602 3679 mea
618 3622 652 3679 et
667 3611 847 3680 animabus
866 3610 1071 3698 supradictis
1092 3613 1141 3678 Et
1157 3611 1318 3678 collector
1331 3609 1388 3697 qui
1403 3631 1465 3696 pro
1480 3619 1630 3695 tempore

273 3715 373 3784 luerit
388 3715 575 3804 capellanis
589 3717 802 3803 presentibus
816 3718 981 3786 duntaxat
997 3719 1039 3785 de
1061 3701 1199 3785 sallario
1214 3737 1273 3802 pre
1289 3713 1446 3784 manibus
1461 3713 1640 3812 persoluet'

273 3831 307 3890 et
329 3821 447 3890 statim
463 3821 648 3890 satisfaciet
667 3832 817 3891 meante
833 3821 992 3890 defuncto
1011 3831 1046 3891 et
1064 3821 1156 3890 viam
1175 3821 1331 3889 vniuerse
1350 3819 1463 3888 camis
1481 3818 1633 3905 ingresso

274 3923 356 3994 dicti
374 3925 540 4012 capellani
556 3933 721 3994 eteorum
745 3947 959 3994 successores
980 3928 1186 3995 tenebuntur
1208 3923 1460 3996 ebdomadatim
1483 3922 1632 4009 qualibet
1760 3963 1770 3984 .

272 4029 355 4099 letis
369 4031 479 4112 ,tenta
501 4033 545 4099 ad
568 4031 757 4118 predictum
781 4033 889 4101 altare
909 4031 1013 4102 trium
1036 4053 1153 4118 regum
1177 4029 1250 4100 siue
1272 4033 1316 4100 ad
1338 4050 1502 4116 magnum
1525 4028 1633 4098 altare

273 4135 363 4204 dicte
379 4135 520 4204 ecclesie
533 4157 637 4205 unam
653 4137 794 4206 missam
809 4140 851 4206 de
867 4138 947 4206 diua
962 4147 995 4206 et
1011 4137 1158 4225 gloriosa
1170 4159 1261 4220 aqna
1276 4147 1433 4211 matrona
1447 4157 1508 4222 pro
1522 4133 1632 4201 inten-

273 4239 424 4310 sionibus
453 4241 657 4328 supradictis
686 4245 732 4311 Et
762 4243 827 4312 hoc
856 4253 991 4312 tantum
1022 4265 1082 4330 pro
1111 4243 1204 4310 omni
1230 4242 1297 4311 alio
1323 4239 1462 4308 seruitio
1488 4237 1631 4306 seculari

273 4345 448 4416 suctione
464 4367 525 4414 seu
540 4349 708 4416 demanda
719 4369 784 4434 que
795 4351 837 4417 dc
851 4347 1003 4436 predicta
1014 4359 1105 4417 terra
1115 4369 1193 4416 cum
1205 4345 1423 4434 pertinenciis
1441 4343 1634 4433 aliqualiter

274 4451 361 4539 exigi
376 4453 500 4540 poterit
515 4453 570 4521 uel
585 4453 708 4540 requiri
732 4457 779 4522 Et
795 4477 857 4542 ego
872 4477 951 4524 vero
974 4455 1086 4524 dictus
1107 4453 1266 4523 dominus
1280 4451 1476 4522 Willelmus
1491 4451 1648 4518 heredes

275 4557 342 4626 mei
356 4567 391 4625 et
406 4557 572 4644 usignati
586 4567 695 4626 totam
711 4569 746 4626 et
760 4559 928 4646 integram
942 4559 1071 4628 dictam
1094 4569 1219 4626 terram
1235 4579 1313 4625 cum
1329 4555 1401 4624 suis
1415 4554 1632 4643 pertinenciis
1653 4561 1698 4613 ror.
1710 4558 1759 4615 ⁶⁷⁸

273 4663 412 4751 prelatis
441 4663 566 4733 vicario
596 4675 630 4732 et
664 4665 849 4752 capellanis
881 4676 914 4734 ct
946 4687 1063 4734 eorum
1095 4663 1346 4732 successoribus
1378 4662 1631 4746 Imperpetuum
