4488 5996
657 655 797 722 Donatio
818 655 1045 722 calbisaltari
1067 655 1148 722 beate
1170 675 1250 722 cnm
1577 677 1640 742 249

282 831 311 899 si
360 829 538 916 contigerit
589 829 737 915 aliquem
778 829 943 896 dictorum
997 829 1249 914 capellanorum
1301 831 1443 897 deficere
1492 831 1527 898 in
1580 853 1641 898 suo

282 936 425 1004 seruicio
469 957 547 1003 cum
585 936 761 1002 celibraret
798 935 990 1002 huiusmodi
1021 935 1161 1002 missam
1198 935 1296 1002 'I‘unc
1335 936 1494 1003 collector
1525 959 1641 1003 eorun-

283 1043 359 1110 dem
390 1063 450 1128 pro
479 1049 632 1125 ternpore
664 1039 775 1124 capiet
812 1039 989 1106 duodecim
1020 1039 1175 1106 denarios
1206 1039 1319 1124 Ipsius
1356 1041 1530 1126 Capellanj
1562 1041 1641 1109 defi·

283 1145 404 1214 cientis
433 1143 468 1212 in
499 1165 561 1212 suo
591 1143 734 1210 seruicio
763 1165 848 1228 quos
877 1143 1001 1211 tribuet
1034 1143 1131 1210 alteri
1166 1144 1341 1229 capellano
1371 1145 1427 1230 quj
1468 1146 1642 1214 celibrabit

283 1253 424 1319 eandem
449 1249 589 1318 missam
612 1249 685 1316 vice
701 1271 763 1316 sua
788 1251 834 1316 Et
857 1249 919 1316 hec
944 1249 1058 1316 omnia
1082 1259 1116 1315 et
1139 1249 1272 1334 singula
1292 1251 1321 1316 A
1345 1249 1445 1317 dictis
1468 1261 1585 1319 curato
1608 1261 1641 1319 et

282 1353 468 1441 capellanis
494 1375 533 1422 ac
557 1353 736 1420 collectore
762 1354 944 1420 eorundem
971 1375 1031 1438 pro
1054 1363 1206 1438 tempore
1230 1363 1263 1420 et
1290 1355 1360 1421 suis
1391 1357 1642 1423 successoribus

283 1459 468 1545 capellanis
483 1457 604 1544 prelati
619 1457 712 1524 chori
729 1457 905 1526 annuatim
921 1459 1186 1526 hebdomidatim
1202 1457 1319 1526 dietim
1336 1469 1368 1526 et
1386 1461 1641 1546 Imperpetuum

284 1565 530 1652 inuiolabiliter
550 1566 771 1632 obseruentur
792 1573 829 1631 vt
852 1585 965 1631 coram
989 1583 1123 1631 summo
1148 1565 1263 1632 Iudice
1287 1567 1327 1631 In
1351 1565 1404 1632 die
1427 1566 1585 1634 terribilis
1608 1577 1641 1632 et

283 1670 422 1756 extremj
449 1669 568 1755 Iudicij
591 1671 792 1755 respondere
807 1670 975 1736 voluerint
992 1673 1032 1736 In
1050 1672 1200 1757 Quorum
1217 1671 1368 1738 omnium
1384 1681 1418 1738 et
1434 1672 1642 1757 singulorum

283 1777 384 1844 fidem
414 1785 448 1842 et
478 1774 711 1842 testimonium
744 1775 819 1860 Ego
849 1776 999 1861 prefatus
1029 1776 1191 1862 magister
1216 1777 1369 1843 robertus
1395 1777 1523 1843 schand
1554 1777 1643 1842 hanc

282 1889 473 1968 presentem
497 1889 627 1948 cartam
647 1901 759 1946 meam
783 1880 990 1948 fundationis
1013 1903 1116 1948 manu
1140 1903 1215 1948 mea
1238 1881 1372 1968 propria
1395 1881 1585 1966 Subscripsi
1608 1889 1642 1950 et
1749 1955 1751 1960 ,

283 1983 394 2070 sigillo
408 2005 485 2052 meo
508 1983 643 2070 proprio
660 1983 815 2051 roboraui
837 2003 983 2052 vnacunr
1007 1984 1310 2070 subscriptionibus
1334 1973 1547 2052 manualibus
1569 2005 1642 2071 pro·
1740 1973 1773 1991 '''

282 2089 429 2158 latorum
445 2087 553 2155 curati
570 2097 604 2154 et
619 2087 871 2173 capellanorum
895 2109 955 2174 pro
977 2099 1129 2174 tempore
1153 2091 1251 2174 Apud
1270 2090 1427 2158 abirdene
1443 2089 1642 2156 duodecimo

283 2195 337 2266 die
353 2193 480 2262 mensis
497 2193 574 2279 Iulij
599 2196 699 2260 Anno
724 2195 862 2279 Dominj
888 2195 1067 2261 millesimo
1091 2196 1361 2280 quingentesimo
1384 2195 1642 2282 quadragesimo

284 2303 432 2370 secundo
448 2322 561 2368 coram
577 2301 722 2368 testibus
741 2299 993 2368 honorabilibus
1014 2302 1163 2386 prouidie
1186 2313 1219 2368 et
1242 2301 1397 2368 discretis
1412 2301 1493 2367 viris
1508 2301 1643 2368 Thomu

284 2427 420 2474 menzes
440 2415 522 2473 tunc
538 2406 708 2493 preposito
727 2405 808 2472 dicti
833 2405 928 2490 burgi
951 2407 1071 2473 dauide
1095 2409 1304 2474 andersoune
1328 2409 1508 2475 alexandro
1531 2429 1643 2493 ruyer·

282 2513 357 2580 lurd
374 2513 499 2580 andrea
514 2533 650 2578 menzes
666 2511 828 2596 magistro
846 2509 998 2577 Iohanne
1021 2513 1192 2596 gordoune
1215 2511 1349 2578 balliuie'
1372 2511 1522 2578 eiusdem
1546 2509 1643 2596 burgi

284 2617 421 2688 domiuo
436 2617 575 2703 patritio
590 2615 817 2683 stewinsoune
838 2614 975 2682 domino
998 2616 1120 2683 dauide
1143 2617 1288 2684 Ioremar
1311 2616 1497 2702 capellanis
1519 2615 1643 2700 magis·

283 2723 346 2792 tris
382 2721 504 2790 dauide
539 2721 760 2788 nicholsoune
798 2721 951 2788 Iohanne
988 2720 1188 2788 nicholsoun
1226 2729 1259 2788 et
1299 2721 1451 2788 Iohanne
1489 2721 1644 2809 kennedy

284 2827 426 2914 notan'js
441 2826 585 2914 publicis
600 2848 677 2894 cum
694 2825 836 2894 diuersis
851 2827 929 2912 alijs

580 3034 755 3121 Vigesimo
770 3035 824 3102 die
840 3036 967 3104 mensis
981 3035 1137 3122 februarij
1155 3057 1245 3104 anno
1262 3053 1345 3122 1549

298 3178 300 3184 ·
371 3159 502 3225 Eodem
533 3156 587 3225 die
614 3156 815 3224 venerabilis
844 3157 895 3223 vir
924 3157 1087 3243 magister
1118 3160 1271 3226 robertus
1303 3161 1432 3228 schand
1462 3172 1571 3230 rector
1600 3166 1641 3230 de
1664 3167 1866 3248 donatioealIcia

284 3262 412 3332 alnaiss
438 3283 478 3330 ac
508 3261 704 3347 capellanus
733 3262 851 3330 altaris
877 3262 954 3330 diue
980 3283 1068 3329 anne
1095 3261 1180 3330 infra
1207 3264 1385 3333 ecclesiam
1412 3267 1640 3353 parochialem
1663 3232 1823 3352 ffib‘m

283 3367 372 3436 beati
396 3367 531 3454 nicolaij
556 3370 597 3435 de
619 3368 777 3434 abirdene
798 3369 937 3436 donauit
952 3369 1043 3436 dicto
1059 3369 1157 3436 altari
1172 3391 1275 3436 vnum
1288 3371 1428 3438 calicem
1444 3383 1640 3458 argenteum

283 3471 441 3558 ponderis
471 3471 609 3558 triginta
641 3473 783 3538 duarum
816 3471 992 3539 vnciarum
1026 3475 1110 3540 bene
1144 3475 1342 3542 deauratum
1381 3477 1522 3544 Prouiso
1552 3479 1641 3564 quod

283 3575 477 3644 huiusmodi
500 3575 587 3643 calix
611 3597 745 3662 semper
767 3577 829 3644 erit
858 3578 898 3643 In
929 3579 1082 3646 custodia
1112 3579 1273 3665 prepositj
1304 3591 1338 3648 et
1368 3581 1570 3650 balliuorum
1600 3586 1642 3651 de

284 3679 422 3748 abirden
446 3679 480 3746 in
502 3682 603 3747 domo
623 3681 800 3767 capitulari
825 3681 914 3749 dicte
937 3683 1077 3750 ecclesie
1100 3683 1148 3750 sic
1170 3687 1258 3770 quod
1282 3707 1415 3772 semper
1435 3697 1575 3772 paratus
1598 3689 1642 3757 sit

284 3783 405 3869 cuique
428 3785 603 3870 capellano
626 3786 828 3853 celibraturo
851 3787 940 3871 apud
962 3787 1090 3854 dictum
1113 3789 1219 3856 altare
1236 3809 1348 3857 coram
1364 3791 1509 3860 testibus
1524 3794 1642 3864 thoma

284 3909 421 3956 menzes
450 3889 619 3976 preposito
649 3892 691 3957 de
720 3889 878 3960 abirdene
908 3891 1072 3976 magistro
1100 3895 1234 3961 roberto
1264 3895 1431 3963 lumisden
1462 3897 1642 3967 alexandro

282 3993 457 4080 ruyerlurd
487 3994 588 4062 dauid
618 4015 693 4062 mar
722 3995 823 4062 dauid
858 3997 1048 4064 andersoun
1083 3998 1245 4083 magistro
1281 3999 1408 4067 Ioanne
1442 4001 1641 4071 nicholsoun

283 4107 317 4166 et
332 4097 496 4184 magistro
515 4099 667 4167 Iohanne
691 4101 844 4187 kennedy
859 4101 1001 4188 notarijs
1016 4102 1159 4188 publicis
1175 4125 1252 4170 curn
1269 4101 1412 4172 diuersis
1427 4107 1504 4193 alijs

675 4291 840 4378 Magister
855 4293 1025 4361 Robertus
1040 4293 1236 4380 [Senandt]
1248 4315 1353 4364 manu
1369 4298 1502 4384 propria

672 4398 830 4466 dominus
847 4399 1018 4466 Iohannes
1034 4401 1145 4469 Waus
1159 4421 1263 4470 manu
1279 4403 1412 4488 propria

785 4593 788 4602 Ι
801 4629 815 4656 '
827 4628 920 4680 Aliena
931 4643 1010 4680 manu
1021 4631 1153 4696 scriptum.
1168 4647 1173 4654 ·

946 4714 973 4768 11
