4408 6024
605 673 751 743 Venditis
773 682 851 742 tem
871 697 893 740 a
914 681 1021 741 arrato
1041 678 1071 740 et
1090 671 1257 762 capellanis
1553 683 1615 762 23'5

257 846 347 916 inter
361 848 455 935 ipsos
478 849 628 935 legitime
650 849 815 936 procreati
837 871 896 915 seu
919 847 1116 934 procreandi
1140 847 1261 932 quibus
1282 849 1368 915 forte
1383 849 1617 918 deficientibus

256 947 396 1020 heredes
419 955 672 1041 propinquiores
695 953 836 1041 legitimi
860 953 967 1040 ipsius
992 953 1155 1020 Iohannis
1170 963 1204 1020 et
1221 954 1272 1038 suj
1297 953 1459 1038 assignatj
1477 947 1613 1039 quicun-

254 1077 319 1142 que
343 1060 533 1146 Suppremo
549 1059 686 1128 domino
708 1071 825 1126 nostro
844 1081 914 1145 re·
941 1057 1120 1125 seruicium
1137 1057 1336 1143 burgagium
1355 1059 1502 1125 dedicta
1523 1069 1614 1126 terra

254 1155 404 1230 debitum
421 1173 456 1230 et
479 1159 677 1230 consuetum
695 1174 859 1248 quantum
882 1163 1028 1249 pertinet
1045 1164 1087 1229 ad
1103 1165 1246 1228 eandem
1268 1163 1318 1228 Ac
1333 1163 1502 1228 reddendo
1517 1164 1614 1230 nobis

254 1277 287 1332 et
304 1269 557 1336 successoribus
571 1267 697 1336 nostris
711 1263 815 1336 vnum
832 1289 984 1336 annuum
1000 1268 1167 1336 redditum
1181 1263 1350 1336 sexdecim
1366 1268 1547 1335 solidorum
1563 1271 1612 1335 Ac

255 1370 433 1440 heredibus
449 1375 618 1459 quondam
637 1375 800 1442 Iohannis
812 1375 968 1460 stephanj
987 1385 1045 1440 aut
1062 1373 1133 1441 suis
1148 1373 1330 1460 assignatis
1345 1395 1448 1440 vnum
1462 1395 1612 1442 annuum

255 1469 422 1546 redditum
447 1479 594 1565 quinque
615 1472 806 1548 Solidorum
823 1491 856 1548 et
877 1491 1022 1564 quatuor
1037 1479 1249 1546 denariorum
1272 1481 1322 1546 Ac
1341 1479 1518 1564 capellano
1539 1501 1612 1566 per-

254 1575 356 1666 petuo
372 1583 489 1651 altaris
505 1585 594 1670 beatj
615 1585 776 1670 laurencij
801 1586 949 1653 martiris
967 1585 1053 1653 inira
1068 1585 1247 1652 ecclesiam
1270 1585 1514 1671 perrochialem
1530 1585 1611 1653 dicti

254 1687 350 1772 burgi
366 1688 497 1756 fundati
513 1711 617 1756 vnum
634 1711 784 1758 annuum
800 1691 968 1758 redditum
984 1711 1043 1757 sex
1058 1689 1240 1756 solidorum
1256 1701 1290 1756 et
1306 1700 1382 1756 octo
1398 1689 1610 1756 denariorum

252 1799 285 1856 et
312 1793 488 1878 capellano
514 1803 676 1879 perpetuo
700 1794 818 1862 altaris
848 1795 956 1879 sanctj
989 1795 1072 1879 petrj
1105 1794 1191 1860 infra
1220 1797 1362 1861 eandem
1391 1793 1522 1860 fundati
1552 1815 1611 1881 per

254 1899 422 1980 quondam
440 1900 525 1965 bone
541 1899 702 1966 memorie
717 1899 880 1967 vicarium
897 1901 938 1967 de
954 1902 1141 1985 Inuerrugy
1155 1921 1258 1966 vnum
1275 1921 1425 1967 annuum
1441 1899 1608 1967 redditum

253 2021 311 2066 sex
338 2002 521 2070 solidorum
545 2005 672 2072 vsualis
697 2015 831 2072 monete
858 2003 968 2072 scocie
994 2007 1037 2072 ad
1064 2007 1149 2073 duos
1178 2005 1257 2090 annj
1286 2005 1449 2072 terminos
1474 2006 1609 2073 usuales

252 2105 482 2191 penthicostes
504 2109 660 2177 videlicet
684 2121 717 2176 et
741 2111 857 2197 Sanctj
883 2111 1018 2196 martinj
1037 2111 1071 2176 in
1086 2128 1184 2196 yeme
1206 2132 1266 2196 per
1280 2110 1417 2195 equales
1433 2109 1609 2196 porciones

252 2217 385 2277 tantum
402 2233 462 2298 pro
478 2213 569 2279 omni
586 2215 652 2280 alio
676 2215 818 2281 seruicio
841 2215 984 2300 secularj
1010 2213 1184 2282 exactione
1201 2237 1259 2281 seu
1285 2215 1464 2281 Demanda
1480 2237 1545 2300 que
1566 2217 1607 2281 de
1630 2233 1671 2298 xvj
1684 2233 1819 2300 svriiijd

213 2321 218 2330 ‘
251 2315 400 2398 predicta
415 2326 505 2383 terra
521 2339 597 2384 cum
615 2318 828 2402 pertinentiis
843 2319 1034 2404 aliqualiter
1048 2319 1134 2404 exigj
1152 2317 1274 2403 poterit
1290 2327 1349 2385 aut
1361 2317 1499 2402 Requirj
1518 2319 1605 2386 Cum
1628 2298 1831 2417 {llfflffl

251 2417 315 2485 bac
331 2421 526 2488 condicione
541 2425 630 2507 quod
651 2423 814 2508 prefatam
831 2434 955 2490 terram
978 2425 1181 2491 sufficienter
1195 2424 1229 2490 in
1245 2434 1336 2490 tecto
1357 2423 1462 2491 muris
1480 2431 1513 2490 et
1529 2421 1605 2492 aliis
1627 2435 1655 2478 20
1667 2429 1774 2480 Andros

250 2523 451 2609 necessarijs
474 2529 713 2592 sustentabunt
738 2529 990 2612 Imperpetuum
1015 2537 1048 2593 et
1070 2526 1334 2611 distringebilem
1354 2528 1603 2592 conseruabunt
1626 2493 1831 2624 ffiss‘t’gffi'

250 2646 309 2710 pro
326 2627 505 2695 Solucione
520 2629 686 2698 dictorum
705 2651 894 2698 annuorum
912 2631 1103 2698 reddituum
1125 2631 1268 2716 singulis
1287 2631 1386 2697 annis
1401 2641 1435 2696 et
1450 2629 1605 2696 terminis
1624 2623 1779 2754 ἑῖξθρῖιῖἰῖῃ
1791 2691 1830 2744 tor

249 2731 371 2798 futuris
387 2734 432 2800 Et
449 2734 477 2799 si
492 2735 635 2802 deficere
649 2737 853 2822 contigerint
868 2736 904 2802 in
920 2737 1107 2804 sufficienti
1125 2736 1386 2804 Sustentacione
1399 2747 1460 2804 aut
1478 2740 1605 2823 Repar-
1625 2755 1683 2820 xxvj
1696 2771 1709 2804 ι
1721 2755 1764 2822 viij
1777 2756 1793 2806 e

250 2835 368 2902 acione
390 2837 582 2906 huiusmodi
605 2849 693 2906 terre
711 2851 747 2906 vt
765 2843 861 2908 decet
882 2861 941 2927 per
957 2841 1066 2908 visum
1088 2841 1395 2908 consideracionem
1414 2853 1448 2908 et
1467 2845 1605 2910 manda·
1624 2819 1778 2886 “⁰²¹¹oess

1625 2899 1696 2936 same
1707 2885 1768 2936 land

250 2949 323 3007 tum
353 2951 506 3010 nostmm
538 2955 595 3012 aut
627 2965 860 3014 successorum
891 2957 1084 3014 nostrorum
1111 2966 1171 3033 per
1199 2947 1351 3032 spacium
1382 2947 1606 3033 quadraginta
1625 2951 1827 3082 pfflpan

249 3045 378 3112 dierum
400 3057 580 3133 postquam
602 3049 721 3116 moniti
742 3049 865 3117 luerint
889 3061 948 3118 aut
971 3071 1145 3136 possessor
1167 3050 1318 3118 eiusdem
1340 3051 1439 3117 fuerit
1462 3071 1522 3136 per
1542 3071 1608 3116 nos
1626 3081 1782 3148 sampsy-

249 3161 307 3216 aut
324 3163 458 3218 nostros
474 3155 694 3222 successores
710 3165 768 3222 aut
784 3156 1007 3224 insolucione
1022 3156 1188 3224 dictorum
1209 3176 1397 3223 annuorum
1414 3157 1605 3224 reddituum
1626 3155 1697 3196 '¹²0⁰‘
1708 3148 1779 3212 ⁰st⁶

249 3251 283 3318 ἰῇ
310 3261 383 3320 t⁰t⁰
405 3255 459 3320 vel
484 3255 518 3322 ln
545 3267 641 3342 parte
668 3279 727 3344 Pes
752 3259 904 3344 spacium
932 3259 1060 3344 dimidij
1086 3260 1164 3343 annj
1194 3258 1243 3326 ita
1266 3269 1302 3326 vt
1324 3271 1411 3326 vnu's
1440 3260 1607 3328 terminus
1626 3211 1714 3277 my
1724 3211 1810 3266 merke

249 3354 403 3442 inciperit
424 3369 503 3426 ante
524 3361 730 3428 solucionem
754 3363 893 3430 alterius
913 3363 1050 3430 termini
1071 3364 1281 3450 precedentis
1302 3367 1391 3449 quod
1414 3365 1501 3432 absit
1523 3375 1605 3432 tunc

249 3459 378 3528 licitum
402 3463 465 3530 erit
486 3463 583 3532 nobis
609 3476 642 3532 et
668 3467 793 3533 nostris
818 3467 1077 3535 Successoribus
1103 3468 1244 3536 liberum
1270 3470 1464 3554 Ingressum
1492 3480 1525 3536 et
1551 3473 1606 3536 ln·

248 3565 387 3632 troitum
403 3569 446 3634 ad
462 3569 647 3652 predictam
670 3581 795 3638 terram
819 3593 896 3638 cum
920 3572 1133 3657 pertinentiis
1152 3573 1275 3640 habere
1298 3583 1332 3640 et
1348 3576 1389 3640 de
1412 3576 1529 3641 eadem
1545 3595 1606 3660 pro

248 3681 363 3738 nostre
386 3671 488 3740 libeto
509 3675 695 3742 voluntatis
719 3675 894 3762 disponere
910 3687 943 3744 et
967 3699 1105 3763 presens
1120 3688 1214 3745 carta
1229 3677 1264 3744 in
1288 3687 1460 3764 posterum
1480 3679 1606 3746 nullius

248 3776 310 3844 erit
326 3778 454 3845 roboris
470 3799 529 3846 seu
545 3781 685 3847 effectus
700 3791 756 3848 set·
775 3803 874 3849 cassa
891 3783 1007 3850 Inanis
1022 3793 1056 3849 et
1073 3783 1230 3850 Inualida
1245 3783 1280 3849 in
1297 3805 1333 3850 se
1347 3784 1463 3852 fraude
1478 3793 1513 3850 et
1528 3785 1605 3852 dolo

247 3882 389 3950 seclusis
415 3885 462 3952 Et
485 3905 547 3950 nos
572 3906 653 3952 vero
678 3886 760 3953 dicti
788 3898 926 3954 curatus
952 3899 985 3955 et
1008 3889 1174 3974 capellani
1199 3899 1233 3956 et
1260 3909 1473 3956 successores
1497 3889 1605 3955 nostri

246 3995 354 4053 totam
381 3997 415 4054 et
444 3989 616 4074 Integram
642 3999 767 4058 terram
795 3993 994 4076 prelibatam
1021 4013 1100 4060 cum
1127 3993 1199 4060 suis
1224 3992 1436 4078 pertinentiis
1465 3993 1604 4078 prelatis

248 4092 391 4178 Iohanni
415 4103 449 4160 et
477 4095 671 4162 Elizabetht
695 4114 818 4182 sponse
842 4119 902 4164 sue
926 4119 1109 4183 eorumque
1134 4098 1231 4183 alterj
1259 4097 1392 4165 diucius
1412 4097 1540 4182 viuentj
1569 4096 1603 4164 in

247 4197 427 4264 coniuncta
454 4197 684 4266 infeodacione
714 4209 747 4268 et
778 4201 957 4268 heredibus
986 4202 1075 4268 inter
1104 4203 1195 4288 ipsos
1232 4201 1382 4288 legitime
1419 4202 1603 4287 procreatis

246 4319 306 4366 seu
332 4303 547 4385 procreandis
577 4303 698 4386 quibus
726 4305 812 4372 forte
839 4305 1072 4373 deficientibus
1100 4305 1280 4373 heredibus
1310 4305 1602 4392 propinquioribus

247 4403 406 4489 legitimis
428 4407 534 4491 ipsius
558 4409 722 4476 Iohannis
746 4419 779 4476 et
803 4411 873 4476 suis
896 4411 1078 4497 assignatis
1104 4411 1361 4496 quibuscunque
1386 4411 1421 4476 in
1444 4409 1601 4476 omnibus

246 4517 279 4574 et
295 4531 354 4594 per
369 4512 483 4578 omnia
497 4523 533 4578 vt
550 4513 751 4597 premissum
767 4525 819 4582 est
835 4537 895 4600 per
910 4535 1028 4582 omnes
1043 4527 1151 4582 terras
1165 4535 1205 4582 ac
1222 4515 1452 4600 possessiones
1466 4524 1600 4581 nostras

243 4625 360 4682 contra
378 4637 497 4686 omnes
512 4619 672 4686 mortales
692 4621 980 4690 varantizabimus
1003 4622 1270 4707 acquietabimus
1286 4633 1319 4690 et
1344 4625 1598 4708 Imperpetuum
