4490 5990
589 695 632 760 80
1071 687 1169 756 Carta
1189 689 1289 780 dau&
1310 688 1480 772 aymam

588 865 770 934 leuandum
786 865 828 932 de
842 872 916 931 tota
931 872 965 930 et
981 861 1112 948 integra
1121 871 1211 928 terra
1226 863 1396 948 quondam
1410 857 1574 928 Iohannis
1585 859 1696 926 Waus
1710 855 1745 922 in
1756 855 1831 922 vico
1848 853 1950 939 castrj

589 993 630 1040 ex
645 969 786 1040 australi
802 979 897 1056 parte
912 968 1063 1038 eiusdem
1078 967 1144 1036 vici
1160 966 1248 1034 inter
1267 976 1391 1034 terram
1410 963 1582 1034 alexandri
1598 962 1726 1049 scrogis
1740 983 1782 1028 ex
1796 959 1951 1032 orientali

589 1099 630 1144 ex
652 1099 719 1144 vna
742 1085 775 1144 et
798 1085 924 1144 terram
946 1075 1080 1142 nneree
1102 1073 1233 1141 ancroit
1258 1094 1298 1140 ex
1324 1069 1525 1140 occidentali
1548 1069 1701 1155 partibus
1724 1089 1766 1134 ex
1789 1067 1896 1134 altera
1918 1075 1952 1132 et

589 1201 805 1248 communem
840 1178 930 1246 viam
961 1176 1089 1263 regiam
1120 1199 1238 1244 versus
1266 1178 1503 1244 extendentem
1540 1175 1583 1242 ad
1615 1182 1799 1256 torrentem
1835 1179 1952 1238 sancte

590 1283 754 1350 trinitatis
769 1303 886 1349 versus
909 1291 1062 1348 austrum
1085 1301 1189 1348 vnum
1212 1301 1363 1348 annuum
1386 1279 1554 1348 redditum
1577 1279 1680 1344 trium
1704 1277 1887 1345 solidorum
1911 1276 1952 1342 de

588 1397 679 1455 terra
704 1385 812 1472 iacobj
841 1385 1014 1471 kennardy
1036 1384 1071 1452 in
1093 1383 1168 1452 vico
1193 1384 1290 1470 vin'dj
1318 1383 1407 1452 inter
1432 1393 1557 1450 terram
1581 1383 1717 1476 donaldi
1742 1381 1884 1448 sclatter
1912 1401 1953 1446 ex

590 1491 709 1560 boriali
739 1513 781 1560 ex
809 1511 877 1558 vna
906 1499 940 1558 et
970 1499 1095 1558 terram
1125 1489 1255 1575 capelle
1284 1491 1382 1557 beate
1412 1488 1543 1556 latrina
1573 1487 1713 1574 virginis
1741 1507 1783 1554 ex
1812 1484 1953 1554 australi

491 1679 494 1688 Ι
591 1595 746 1680 partibus
769 1617 810 1662 ex
832 1595 939 1663 altera
964 1615 1068 1661 vnum
1095 1615 1246 1662 annuum
1272 1593 1441 1662 redditum
1467 1593 1570 1661 trium
1595 1593 1778 1662 solidorum
1799 1593 1843 1660 de
1865 1601 1954 1658 tenu

591 1698 765 1766 alexandri
781 1698 859 1785 logy
874 1697 909 1764 in
923 1697 999 1765 vico
1014 1697 1183 1765 furcarum
1200 1699 1288 1766 inter
1304 1707 1429 1766 terram
1447 1698 1586 1766 Roherti
1602 1697 1742 1765 blinsele
1757 1719 1798 1764 ex
1813 1695 1953 1766 australi

592 1825 633 1870 ex
655 1825 723 1870 vna
738 1811 771 1870 et
788 1813 913 1870 terram
937 1805 1107 1888 quondam
1131 1803 1248 1870 thome
1269 1802 1393 1888 ymlow
1408 1825 1449 1870 ex
1468 1801 1585 1872 boriali
1609 1802 1762 1888 partibus
1784 1823 1825 1868 ex
1847 1801 1954 1868 altera

592 1918 626 1975 et
649 1928 848 1975 communes
870 1905 942 1974 vias
966 1907 1077 1993 regias
1099 1929 1217 1974 versus
1241 1908 1353 1975 oriens
1376 1917 1408 1976 et
1432 1907 1590 1974 occidens
1613 1928 1652 1974 ac
1675 1927 1779 1974 vnum
1803 1925 1953 1974 annuum

592 2013 761 2080 redditum
780 2011 920 2098 triginta
935 2021 1013 2079 octo
1029 2011 1213 2080 solidorum
1228 2011 1356 2079 veualis
1371 2021 1506 2080 monete
1521 2011 1632 2078 scocie
1646 2010 1823 2078 annuatim
1842 2011 1956 2076 leuan-

592 2119 674 2186 dum
698 2119 740 2185 de
763 2117 846 2184 totis
871 2125 905 2184 et
932 2115 1073 2201 integris
1099 2117 1231 2183 duabus
1256 2116 1355 2182 terris
1385 2115 1470 2182 meis
1494 2115 1734 2184 collateraliter
1761 2113 1956 2182 lacentibus

593 2223 680 2291 infra
694 2223 823 2290 dictum
839 2224 982 2308 burgum
1006 2221 1040 2289 in
1063 2221 1139 2288 vico
1154 2221 1308 2288 inferiore
1324 2222 1465 2290 ecclesie
1481 2245 1522 2290 ex
1536 2223 1677 2290 australi
1692 2231 1789 2308 parte
1804 2221 1956 2289 eiusdem

593 2327 659 2396 vici
675 2327 764 2396 inter
781 2338 907 2396 terram
924 2327 1089 2396 Willelmi
1109 2330 1233 2396 andree
1250 2349 1292 2394 ex
1309 2327 1465 2396 orientali
1481 2349 1521 2394 ex
1535 2349 1602 2396 vna
1617 2339 1651 2396 et
1666 2337 1851 2395 torrentem
1868 2349 1957 2394 com-

596 2453 734 2502 munem
750 2431 1020 2499 molendinorum
1041 2431 1192 2498 eiusdem
1213 2431 1308 2519 burgi
1331 2453 1372 2499 ex
1394 2431 1596 2502 occidentali
1618 2433 1771 2518 partibus
1790 2453 1832 2499 ex
1851 2431 1958 2499 altera

595 2535 817 2622 quosquidem
833 2557 965 2604 annuos
979 2535 1131 2605 redditus
1146 2559 1187 2602 ex
1202 2558 1278 2604 meo
1290 2536 1424 2623 proprio
1436 2547 1623 2624 conquestu
1638 2537 1704 2604 emi
1717 2545 1751 2604 et
1762 2535 1958 2621 recuperaui

594 2641 777 2709 Tenendos
797 2640 971 2708 habendos
993 2649 1027 2708 et
1050 2640 1272 2726 possidendos
1292 2661 1410 2708 omnes
1429 2650 1464 2708 et
1485 2641 1636 2728 singulos
1655 2662 1788 2710 annuos
1807 2639 1959 2708 redditus

596 2746 889 2830 antedictosqcum
913 2745 984 2814 suis
1007 2746 1223 2831 pertinenciis
1246 2747 1374 2832 prelato
1396 2747 1533 2814 domino
1556 2747 1657 2816 dauid
1680 2757 1714 2814 et
1737 2746 1809 2814 suis
1827 2767 1958 2814 succes·

596 2851 728 2921 soribus
744 2851 929 2938 capellanis
949 2851 1122 2937 perpetuis
1141 2850 1291 2920 eiusdem
1312 2873 1333 2918 a
1353 2873 1408 2918 me
1427 2863 1460 2918 et
1482 2851 1661 2920 heredibus
1676 2851 1762 2918 meis
1782 2851 1817 2918 in
1837 2871 1956 2936 puram

596 2979 637 3028 ac
653 2967 850 3044 perpetuam
870 2956 1083 3024 elimosinam
1106 2959 1359 3042 Imperpetuum
1382 2977 1460 3025 curn
1483 2957 1576 3024 omni
1594 2957 1667 3025 iure
1681 2967 1715 3026 et
1730 2955 1813 3024 iuris
1827 2956 1958 3024 clameo

597 3085 732 3132 accum
748 3062 905 3132 omnibus
927 3073 961 3130 et
985 3061 1127 3148 singulis
1146 3063 1342 3130 liberatibus
1364 3063 1626 3154 comoditatibus
1648 3071 1681 3130 et
1704 3059 1904 3130 asiamentis
1917 3079 1958 3129 ac

597 3169 698 3236 iustis
724 3167 796 3236 suis
824 3167 1042 3254 pertinenciis
1064 3167 1318 3252 quibuscunque
1345 3169 1388 3236 ad
1415 3167 1524 3234 dictos
1550 3187 1681 3234 annuos
1706 3165 1858 3235 redditus
1880 3185 1959 3232 cum

597 3273 816 3361 pertinenciis
845 3272 1079 3360 spectantibus
1108 3293 1168 3340 seu
1194 3271 1282 3340 iuste
1309 3283 1462 3359 spectare
1488 3272 1679 3340 valentibus
1708 3269 1959 3359 quomodolibet

598 3379 633 3446 in
655 3379 805 3448 futurum
830 3380 916 3447 adeo
937 3377 1040 3448 libere
1063 3377 1213 3465 plenarie
1239 3378 1368 3464 integre
1392 3377 1576 3448 honorilice
1595 3379 1681 3446 bene
1702 3387 1736 3446 et
1759 3376 1903 3462 in'pace
1925 3373 1960 3441 in

598 3483 757 3552 omnibus
771 3492 806 3552 et
821 3503 881 3570 per
895 3483 1011 3552 omnia
1025 3483 1113 3552 sicut
1128 3483 1252 3570 aliquis
1266 3505 1401 3552 annuus
1412 3483 1564 3552 redditus
1578 3483 1664 3550 infra
1675 3483 1804 3551 dictum
1816 3483 1960 3568 burgum

599 3589 634 3656 in
650 3609 769 3676 puram
785 3597 819 3656 et
835 3597 1033 3676 perpetuam
1050 3589 1262 3658 elimosinam
1278 3592 1379 3658 datur
1393 3589 1588 3658 conceditur
1602 3597 1662 3658 aut
1676 3587 1868 3674 possidetur
1888 3583 1961 3653 sine

599 3693 820 3762 reuocacione
838 3695 1084 3764 reclamacione
1099 3705 1158 3764 aut
1174 3695 1440 3764 contradictione
1458 3694 1597 3782 aliquali
1612 3694 1678 3782 mei
1694 3695 1855 3761 heredum
1871 3713 1961 3760 meo·

600 3819 675 3866 rum
702 3799 952 3884 assignatorum
977 3811 1035 3868 aut
1061 3800 1203 3868 aliorum
1230 3821 1507 3887 quorumcunque
1532 3801 1669 3868 nomine
1695 3809 1812 3866 nostro
1838 3807 1897 3865 aut
1921 3817 1962 3864 ex

601 3915 697 3990 parte
719 3915 836 3972 nostra
857 3903 1021 3973 iaciendis
1047 3906 1118 3974 iure
1143 3929 1222 3974 vero
1247 3917 1448 3992 patronatus
1473 3906 1563 3976 dicte
1589 3904 1775 3992 capellanie
1802 3913 1962 3989 perpetue

601 4007 704 4076 michi
717 4019 750 4076 et
766 4009 947 4078 heredibus
961 4009 1047 4077 meis
1061 4011 1232 4097 perpetuis
1246 4012 1456 4097 temporibus
1470 4019 1667 4080 remanente
1683 4011 1729 4076 Et
1745 4008 1774 4076 si
1785 4009 1870 4076 torte
1887 4007 1962 4091 Ego

601 4124 660 4182 aut
676 4115 817 4182 heredes
837 4113 904 4182 mei
924 4125 1001 4201 post
1016 4117 1233 4184 vacacionem
1249 4118 1338 4186 dicte
1354 4117 1541 4204 capellanie
1559 4137 1627 4184 non
1645 4116 1696 4184 vsi
1714 4113 1876 4184 fuerimus
1891 4112 1962 4179 iure

602 4218 867 4304 presentacionis
892 4219 992 4288 unius
1013 4221 1135 4308 ydonei
1161 4223 1326 4308 capellanj
1352 4225 1394 4290 ad
1418 4221 1605 4309 predictum
1630 4222 1738 4292 altare
1763 4213 1963 4287 celebraturi

601 4323 857 4411 impremittitur
881 4325 968 4395 infra
994 4329 1217 4415 quadraginta
1240 4329 1313 4396 dies
1335 4329 1486 4415 proxime
1508 4339 1542 4396 et
1565 4327 1759 4396 immediate
1783 4331 1964 4410 sequentes

602 4429 690 4497 Volo
720 4431 870 4498 concedo
900 4452 941 4498 ac
971 4433 1112 4500 firmiter
1140 4433 1302 4520 promitto
1331 4435 1421 4518 quod
1450 4433 1608 4508 dominus
1637 4439 1753 4498 noster
1785 4427 1965 4514 episcopus

603 4533 836 4602 abirdonensis
859 4535 916 4604 illa
936 4537 1010 4603 vice
1032 4539 1155 4606 habeat
1178 4538 1364 4624 plenariam
1388 4539 1584 4606 facultatem
1608 4538 1716 4604 eidem
1741 4535 1840 4603 altari
1859 4555 1964 4602 vnum

601 4641 771 4727 ydoneum
801 4643 1014 4727 capellanum
1045 4645 1144 4730 pleno
1173 4645 1244 4714 iure
1274 4655 1468 4731 presentare
1498 4667 1538 4714 ac
1567 4647 1710 4712 eandem
1740 4642 1964 4729 capellaniam
