4460 5984
638 680 701 744 206
970 679 1094 746 Tabula
1114 677 1309 765 quomdam
1329 679 1448 746 11111111
1471 677 1692 765 Marma

640 853 681 918 In
700 851 898 939 witnessing
920 853 956 918 of
972 873 1014 938 ye
1036 849 1184 938 quhillris
1206 873 1257 918 we
1278 852 1366 920 haue
1387 851 1542 938 appensit
1563 873 1626 920 our
1645 851 1761 920 Secret
1783 849 1864 918 Seill
1888 851 1924 916 oi
1942 850 2001 918 the

638 956 711 1024 said
726 958 834 1042 burgh
853 967 889 1024 to
904 957 973 1024 thir
987 959 1105 1024 lettres
1120 966 1156 1024 at
1172 956 1230 1023 the
1247 975 1387 1042 samyne
1402 957 1461 1023 the
1477 956 1580 1024 sucht
1595 958 1662 1042 day
1676 955 1712 1023 ol
1722 955 1783 1022 the
1799 954 1954 1022 monctht
1969 955 2005 1022 of

639 1063 720 1147 May
734 1062 793 1129 the
808 1061 877 1129 zeir
894 1061 930 1130 of
942 1063 1008 1148 god
1024 1083 1088 1129 ane
1104 1061 1275 1128 thousand
1290 1061 1354 1128 five
1370 1060 1566 1128 hundreitht
1583 1061 1649 1128 and
1664 1059 1768 1126 aucht
1783 1059 1870 1126 ueris

768 1272 808 1338 In
829 1269 933 1339 Curia
953 1269 1100 1357 Capitali
1125 1269 1230 1355 Burgi
1253 1272 1294 1336 de
1313 1269 1481 1337 Abirdcne
1502 1279 1597 1337 tenta
1619 1271 1658 1336 In
1685 1267 1831 1354 pretorio
1852 1266 2001 1334 eiusdem

766 1377 914 1443 secundo
935 1375 988 1442 die
1010 1374 1137 1442 mensis
1159 1374 1307 1442 octobris
1326 1376 1426 1442 Anno
1448 1375 1575 1442 domini
1598 1373 1780 1440 millesimo
1807 1373 2004 1459 quingente·

767 1479 853 1547 simo
880 1489 1003 1547 octauo
1030 1501 1153 1565 magne
1176 1479 1355 1566 probitatis
1376 1478 1428 1546 uir
1450 1479 1612 1565 gilbertus
1637 1478 1787 1546 Menzeis
1811 1475 2002 1564 prepositus

687 1627 712 1672 0
768 1587 810 1652 de
834 1606 1002 1652 consensu
1026 1583 1167 1672 consilio
1191 1594 1224 1652 et
1249 1606 1390 1652 assensu
1418 1584 1619 1652 balliuorum
1646 1583 1824 1650 consulum
1853 1592 1887 1649 et
1914 1603 2003 1648 corn·

687 1673 713 1788 {i
769 1689 947 1757 munitatis
970 1690 1065 1776 burgi
1088 1690 1237 1757 eiusdem
1259 1691 1314 1775 quj
1338 1713 1397 1776 pro
1417 1701 1569 1776 ternpore
1592 1689 1747 1758 affuerint
1768 1688 2003 1757 uniuersaliter

681 1787 705 1880 Ξ
769 1795 909 1862 adunati
936 1796 1111 1863 mandauit
1137 1807 1171 1862 et
1200 1797 1341 1863 lubebat
1372 1807 1545 1883 presentes
1572 1817 1688 1864 eorum
1719 1795 1851 1862 litteras
1883 1793 2002 1879 Sigillo

681 1881 713 1952 'ii
770 1900 908 1966 Secreto
929 1900 1009 1986 dictj
1032 1900 1127 1985 burgj
1149 1899 1297 1967 roborari
1317 1911 1351 1967 et
1372 1901 1571 1985 communiri
1595 1901 1684 1987 apud
1705 1900 1910 1986 Capellanos
1930 1919 2002 1984 pre·

688 1953 706 2042 ε
770 2005 964 2072 nominatos
993 2005 1234 2091 perpetualiter
1270 2025 1486 2073 remansuras
1515 2005 1620 2072 Teste
1652 2014 1727 2072 tota
1760 2005 1854 2072 curia
1883 2013 1917 2069 et
1947 2023 2002 2068 me

770 2110 922 2178 Iohanne
947 2110 1159 2196 Baidienagh
1172 2110 1317 2196 publico
1340 2110 1483 2178 Notan'o
1506 2111 1540 2176 in
1563 2110 1796 2178 testimonium
1826 2107 2002 2193 Requisito

769 2213 824 2280 hic
846 2235 900 2281 me
921 2215 1151 2282 subscribente
1171 2216 1234 2283 sub
1254 2215 1351 2301 signo
1371 2237 1447 2282 meo
1467 2215 1618 2282 manuali
1638 2217 1738 2282 Anno
1758 2214 1813 2281 die
1833 2233 1950 2280 mense
1967 2221 2002 2278 et

771 2319 846 2386 loco
862 2319 1065 2405 supradictis

990 2423 1162 2491 Iohannes
1178 2423 1388 2510 Baidienagh
1404 2423 1556 2492 notarius
1571 2423 1726 2510 publicus
1741 2443 1844 2490 manu
1860 2443 1937 2488 mea

1140 2774 1145 2788 .
1200 2721 1206 2734 “
1281 2719 1372 2786 CIV.

730 2853 830 2920 NNO
846 2852 972 2937 dominj
991 2851 1170 2918 millesimo
1186 2854 1235 2920 &c
1254 2852 1459 2920 honorabilis
1474 2851 1525 2918 vir
1538 2850 1718 2918 willelmus
1733 2849 1836 2916 leithe
1851 2859 2004 2933 tempore

772 2977 834 3022 suo
849 2957 982 3023 ornauit
1000 2966 1034 3022 et
1052 2957 1223 3023 decorauit
1239 2957 1418 3026 ecclesiam
1433 2955 1660 3041 parochialem
1678 2953 1767 3022 beati
1783 2953 1942 3037 nicholaij
1962 2954 2004 3018 de

645 3061 803 3128 abirdene
822 3083 899 3129 cum
918 3063 1049 3128 duabus
1068 3061 1201 3146 magnis
1219 3061 1395 3146 campanis
1413 3060 1526 3146 magnj
1547 3059 1650 3145 precij
1670 3059 1705 3126 in
1720 3057 1904 3144 campanili
1925 3077 2004 3142 pen·

645 3165 802 3232 dentibus
828 3165 1020 3250 sumptibus
1043 3175 1076 3232 et
1101 3165 1257 3250 expensis
1283 3165 1353 3231 suis
1378 3165 1521 3251 propriis
1547 3185 1689 3250 quarum
1715 3184 1839 3230 nomen
1866 3160 2004 3230 maioris

645 3291 811 3356 campane
836 3269 1028 3338 laurencius
1054 3279 1087 3338 et
1114 3269 1252 3338 alterius
1282 3269 1389 3337 maria
1420 3269 1516 3338 cuius
1546 3269 1658 3336 anime
1688 3267 1892 3354 propicietur
1921 3269 2004 3334 deus

645 3375 755 3440 Amen

734 3583 828 3648 Idem
844 3581 1024 3650 willelmus
1041 3582 1175 3650 ornauit
1193 3583 1321 3650 dictam
1340 3582 1516 3650 ecclesiam
1536 3603 1613 3650 cum
1630 3581 1833 3650 vestimento
1852 3583 2005 3648 sacerdo·

645 3685 706 3754 tali
722 3687 890 3772 completo
906 3697 939 3753 et
956 3709 1063 3773 cappa
1079 3689 1119 3754 de
1136 3687 1247 3755 blodio
1262 3688 1408 3755 wolueto
1427 3687 1540 3772 magnj
1558 3687 1659 3773 precij
1682 3687 1825 3772 desuper
1842 3687 2005 3753 deaurata

646 3793 687 3858 de
708 3791 742 3877 ly
762 3791 907 3877 oriroyss
927 3791 999 3858 auri
1020 3813 1060 3859 ac
1081 3793 1157 3859 aliis
1176 3793 1377 3859 utensilibus
1398 3794 1440 3859 ad
1461 3793 1587 3859 dictam
1608 3789 1888 3859 conuenientibus
1908 3791 2006 3858 cuius

646 3895 760 3964 anima
777 3895 811 3961 in
827 3895 909 3962 celis
925 3897 1118 3965 Collocctur
1132 3900 1241 3964 Arnen

736 4107 880 4172 lacobus
902 4127 1002 4192 crage
1025 4106 1200 4192 burgensis
1222 4108 1263 4173 de
1286 4105 1443 4174 abirdene
1465 4103 1516 4172 vir
1538 4103 1698 4190 prouidus
1721 4113 1754 4170 et
1776 4103 1927 4170 famosus
1949 4105 2005 4171 de·

648 4211 778 4278 corauit
804 4219 837 4276 et
864 4212 997 4278 ornauit
1028 4213 1135 4279 altare
1165 4210 1282 4278 Sancti
1309 4211 1467 4296 nicholaij
1496 4231 1574 4276 cum
1601 4229 1706 4295 parua
1731 4207 1889 4295 ymagine
1916 4207 2005 4276 beati

648 4313 807 4400 nicholaij
826 4315 922 4382 cuius
938 4315 1050 4383 anime
1066 4314 1270 4402 propicietur
1284 4317 1367 4382 deus

737 4523 869 4592 Nobilis
883 4525 1021 4592 domina
1036 4525 1175 4593 cristina
1190 4526 1222 4592 le
1236 4526 1355 4612 broyss
1370 4523 1504 4593 ornauit
1519 4533 1552 4590 ct
1571 4523 1744 4591 decorauit
1763 4525 1868 4590 altare
1888 4523 2006 4591 Sancti

649 4629 808 4715 nicholaij
826 4651 902 4697 cum
919 4629 1024 4698 calice
1039 4629 1169 4716 argenti
1185 4632 1347 4698 deaurata
1362 4629 1530 4716 lapidibus
1545 4629 1706 4715 preciosis
1721 4637 1775 4696 etc
