<?xml version="1.0" encoding="UTF-8"?>
<!DOCTYPE html PUBLIC "-//W3C//DTD XHTML 1.0 Transitional//EN"
    "http://www.w3.org/TR/xhtml1/DTD/xhtml1-transitional.dtd">
<html xmlns="http://www.w3.org/1999/xhtml" xml:lang="en" lang="en">
 <head>
  <title>
</title>
<meta http-equiv="Content-Type" content="text/html;charset=utf-8" />
  <meta name='ocr-system' content='tesseract 3.04.00' />
  <meta name='ocr-capabilities' content='ocr_page ocr_carea ocr_par ocr_line ocrx_word'/>
</head>
<body>
  <div class='ocr_page' id='page_1' title='image "./cartulariumeccl00logagoog_0037.png"; bbox 0 0 4472 5992; ppageno 0'>
   <div class='ocr_carea' id='block_1_1' title="bbox 649 733 1587 819">
    <p class='ocr_par' dir='ltr' id='par_1_1' title="bbox 649 733 1587 819">
     <span class='ocr_line' id='line_1_1' title="bbox 649 733 1587 819; baseline 0.003 -20"><span class='ocrx_word' id='word_1_1' title='bbox 649 733 794 800; x_wconf 77' lang='lat' dir='ltr'>Venditis</span> <span class='ocrx_word' id='word_1_2' title='bbox 818 733 986 800; x_wconf 75' lang='lat' dir='ltr'>Tmarrrm</span> <span class='ocrx_word' id='word_1_3' title='bbox 1008 733 1044 799; x_wconf 81' lang='lat' dir='ltr'>dc</span> <span class='ocrx_word' id='word_1_4' title='bbox 1067 733 1159 801; x_wconf 73' lang='lat' dir='ltr'>oros</span> <span class='ocrx_word' id='word_1_5' title='bbox 1567 755 1587 819; x_wconf 85' lang='lat'>9</span> 
     </span>
    </p>
   </div>
   <div class='ocr_carea' id='block_1_2' title="bbox 208 905 1698 4672">
    <p class='ocr_par' dir='ltr' id='par_1_2' title="bbox 208 905 1698 4672">
     <span class='ocr_line' id='line_1_2' title="bbox 225 905 1586 993; baseline -0.002 -15"><span class='ocrx_word' id='word_1_6' title='bbox 225 913 327 978; x_wconf 87' lang='lat' dir='ltr'>Vnde</span> <span class='ocrx_word' id='word_1_7' title='bbox 353 931 407 976; x_wconf 90' lang='lat' dir='ltr'>me</span> <span class='ocrx_word' id='word_1_8' title='bbox 434 912 518 978; x_wconf 88' lang='lat' dir='ltr'>benc</span> <span class='ocrx_word' id='word_1_9' title='bbox 547 916 744 976; x_wconf 91' lang='lat' dir='ltr'>contentum</span> <span class='ocrx_word' id='word_1_10' title='bbox 774 917 874 974; x_wconf 90' lang='lat' dir='ltr'>teneo</span> <span class='ocrx_word' id='word_1_11' title='bbox 904 905 1039 992; x_wconf 90' lang='lat' dir='ltr'>penitus</span> <span class='ocrx_word' id='word_1_12' title='bbox 1065 917 1098 974; x_wconf 91' lang='lat' dir='ltr'>et</span> <span class='ocrx_word' id='word_1_13' title='bbox 1126 908 1274 974; x_wconf 92' lang='lat' dir='ltr'>solutum</span> <span class='ocrx_word' id='word_1_14' title='bbox 1301 909 1350 974; x_wconf 83' lang='lat' dir='ltr'>Ac</span> <span class='ocrx_word' id='word_1_15' title='bbox 1377 907 1486 976; x_wconf 89' lang='lat' dir='ltr'>dictos</span> <span class='ocrx_word' id='word_1_16' title='bbox 1515 928 1586 993; x_wconf 92' lang='lat' dir='ltr'>pre·</span> 
     </span>
     <span class='ocr_line' id='line_1_3' title="bbox 227 1011 1586 1100; baseline 0.001 -20"><span class='ocrx_word' id='word_1_17' title='bbox 227 1014 376 1100; x_wconf 93' lang='lat' dir='ltr'>positum</span> <span class='ocrx_word' id='word_1_18' title='bbox 404 1013 548 1082; x_wconf 89' lang='lat' dir='ltr'>balliuos</span> <span class='ocrx_word' id='word_1_19' title='bbox 574 1011 732 1080; x_wconf 89' lang='lat' dir='ltr'>consules</span> <span class='ocrx_word' id='word_1_20' title='bbox 756 1013 939 1096; x_wconf 85' lang='lat' dir='ltr'>burgenses</span> <span class='ocrx_word' id='word_1_21' title='bbox 962 1022 995 1079; x_wconf 90' lang='lat' dir='ltr'>et</span> <span class='ocrx_word' id='word_1_22' title='bbox 1018 1012 1299 1080; x_wconf 85' lang='lat' dir='ltr'><strong>communitatem</strong></span> <span class='ocrx_word' id='word_1_23' title='bbox 1326 1013 1407 1081; x_wconf 90' lang='lat' dir='ltr'>dicti</span> <span class='ocrx_word' id='word_1_24' title='bbox 1434 1015 1529 1100; x_wconf 84' lang='lat' dir='ltr'>burgi</span> <span class='ocrx_word' id='word_1_25' title='bbox 1552 1023 1586 1082; x_wconf 91' lang='lat' dir='ltr'>et</span> 
     </span>
     <span class='ocr_line' id='line_1_4' title="bbox 228 1115 1586 1204; baseline 0 -18"><span class='ocrx_word' id='word_1_26' title='bbox 228 1141 441 1188; x_wconf 81' lang='lat' dir='ltr'>successores</span> <span class='ocrx_word' id='word_1_27' title='bbox 470 1139 550 1186; x_wconf 90' lang='lat' dir='ltr'>suos</span> <span class='ocrx_word' id='word_1_28' title='bbox 579 1117 657 1185; x_wconf 91' lang='lat' dir='ltr'>inde</span> <span class='ocrx_word' id='word_1_29' title='bbox 687 1115 872 1201; x_wconf 88' lang='lat' dir='ltr'>quitclamo</span> <span class='ocrx_word' id='word_1_30' title='bbox 903 1115 1149 1203; x_wconf 85' lang='lat' dir='ltr'><strong>imperpetuum</strong></span> <span class='ocrx_word' id='word_1_31' title='bbox 1180 1138 1239 1202; x_wconf 88' lang='lat' dir='ltr'>per</span> <span class='ocrx_word' id='word_1_32' title='bbox 1263 1128 1437 1204; x_wconf 85' lang='lat' dir='ltr'>presentes</span> <span class='ocrx_word' id='word_1_33' title='bbox 1466 1139 1586 1186; x_wconf 90' lang='lat' dir='ltr'>renun-</span> 
     </span>
     <span class='ocr_line' id='line_1_5' title="bbox 227 1220 1586 1309; baseline -0.001 -16"><span class='ocrx_word' id='word_1_34' title='bbox 227 1225 348 1294; x_wconf 85' lang='lat' dir='ltr'>ciando</span> <span class='ocrx_word' id='word_1_35' title='bbox 371 1221 589 1309; x_wconf 87' lang='lat' dir='ltr'>solempniter</span> <span class='ocrx_word' id='word_1_36' title='bbox 609 1232 642 1289; x_wconf 89' lang='lat' dir='ltr'>et</span> <span class='ocrx_word' id='word_1_37' title='bbox 663 1242 819 1308; x_wconf 85' lang='lat' dir='ltr'>expresse</span> <span class='ocrx_word' id='word_1_38' title='bbox 839 1220 905 1288; x_wconf 94' lang='lat' dir='ltr'>doli</span> <span class='ocrx_word' id='word_1_39' title='bbox 927 1221 1008 1288; x_wconf 90' lang='lat' dir='ltr'>mali</span> <span class='ocrx_word' id='word_1_40' title='bbox 1029 1232 1140 1289; x_wconf 90' lang='lat' dir='ltr'>metus</span> <span class='ocrx_word' id='word_1_41' title='bbox 1160 1243 1227 1288; x_wconf 93' lang='lat' dir='ltr'>non</span> <span class='ocrx_word' id='word_1_42' title='bbox 1248 1233 1425 1292; x_wconf 89' lang='lat' dir='ltr'>numerate</span> <span class='ocrx_word' id='word_1_43' title='bbox 1445 1225 1586 1309; x_wconf 89' lang='lat' dir='ltr'>pecunie</span> 
     </span>
     <span class='ocr_line' id='line_1_6' title="bbox 227 1325 1587 1414; baseline -0.001 -16"><span class='ocrx_word' id='word_1_44' title='bbox 227 1339 261 1398; x_wconf 89' lang='lat' dir='ltr'>et</span> <span class='ocrx_word' id='word_1_45' title='bbox 284 1329 442 1398; x_wconf 92' lang='lat' dir='ltr'>omnibus</span> <span class='ocrx_word' id='word_1_46' title='bbox 467 1327 543 1396; x_wconf 90' lang='lat' dir='ltr'>aliis</span> <span class='ocrx_word' id='word_1_47' title='bbox 568 1325 821 1412; x_wconf 87' lang='lat' dir='ltr'>exceptionibus</span> <span class='ocrx_word' id='word_1_48' title='bbox 846 1335 918 1393; x_wconf 87' lang='lat' dir='ltr'>tam</span> <span class='ocrx_word' id='word_1_49' title='bbox 945 1325 1178 1413; x_wconf 89' lang='lat' dir='ltr'>peremptoriis</span> <span class='ocrx_word' id='word_1_50' title='bbox 1204 1347 1307 1412; x_wconf 91' lang='lat' dir='ltr'>quam</span> <span class='ocrx_word' id='word_1_51' title='bbox 1335 1327 1500 1396; x_wconf 88' lang='lat' dir='ltr'>dilatoriis</span> <span class='ocrx_word' id='word_1_52' title='bbox 1522 1351 1587 1414; x_wconf 91' lang='lat' dir='ltr'>que</span> 
     </span>
     <span class='ocr_line' id='line_1_7' title="bbox 227 1429 1588 1521; baseline 0.001 -21"><span class='ocrx_word' id='word_1_53' title='bbox 227 1455 331 1521; x_wconf 89' lang='lat' dir='ltr'>penes</span> <span class='ocrx_word' id='word_1_54' title='bbox 357 1432 587 1520; x_wconf 84' lang='lat' dir='ltr'>supradictam</span> <span class='ocrx_word' id='word_1_55' title='bbox 618 1429 825 1498; x_wconf 85' lang='lat' dir='ltr'>solucionem</span> <span class='ocrx_word' id='word_1_56' title='bbox 856 1429 995 1516; x_wconf 80' lang='lat' dir='ltr'>prefatis</span> <span class='ocrx_word' id='word_1_57' title='bbox 1024 1431 1194 1517; x_wconf 90' lang='lat' dir='ltr'>preposito</span> <span class='ocrx_word' id='word_1_58' title='bbox 1226 1432 1362 1500; x_wconf 91' lang='lat' dir='ltr'>balliuis</span> <span class='ocrx_word' id='word_1_59' title='bbox 1391 1435 1588 1504; x_wconf 90' lang='lat' dir='ltr'>consulibus</span> 
     </span>
     <span class='ocr_line' id='line_1_8' title="bbox 228 1534 1587 1624; baseline 0.001 -17"><span class='ocrx_word' id='word_1_60' title='bbox 228 1537 451 1624; x_wconf 85' lang='lat' dir='ltr'>burgensibus</span> <span class='ocrx_word' id='word_1_61' title='bbox 468 1547 502 1604; x_wconf 91' lang='lat' dir='ltr'>et</span> <span class='ocrx_word' id='word_1_62' title='bbox 520 1534 757 1606; x_wconf 87' lang='lat' dir='ltr'>communitati</span> <span class='ocrx_word' id='word_1_63' title='bbox 783 1535 863 1604; x_wconf 92' lang='lat' dir='ltr'>dicti</span> <span class='ocrx_word' id='word_1_64' title='bbox 886 1535 982 1620; x_wconf 87' lang='lat' dir='ltr'>burgi</span> <span class='ocrx_word' id='word_1_65' title='bbox 1007 1538 1126 1606; x_wconf 88' lang='lat' dir='ltr'>obesse</span> <span class='ocrx_word' id='word_1_66' title='bbox 1149 1547 1208 1604; x_wconf 89' lang='lat' dir='ltr'>aut</span> <span class='ocrx_word' id='word_1_67' title='bbox 1227 1537 1330 1604; x_wconf 91' lang='lat' dir='ltr'>michi</span> <span class='ocrx_word' id='word_1_68' title='bbox 1352 1537 1531 1608; x_wconf 86' lang='lat' dir='ltr'>heredibus</span> <span class='ocrx_word' id='word_1_69' title='bbox 1553 1551 1587 1608; x_wconf 90' lang='lat' dir='ltr'>et</span> 
     </span>
     <span class='ocr_line' id='line_1_9' title="bbox 228 1639 1587 1730; baseline -0.001 -18"><span class='ocrx_word' id='word_1_70' title='bbox 228 1643 412 1730; x_wconf 89' lang='lat' dir='ltr'>assignatis</span> <span class='ocrx_word' id='word_1_71' title='bbox 437 1643 522 1710; x_wconf 90' lang='lat' dir='ltr'>meis</span> <span class='ocrx_word' id='word_1_72' title='bbox 549 1643 707 1728; x_wconf 90' lang='lat' dir='ltr'>prodesse</span> <span class='ocrx_word' id='word_1_73' title='bbox 730 1639 842 1708; x_wconf 86' lang='lat' dir='ltr'>valeat</span> <span class='ocrx_word' id='word_1_74' title='bbox 867 1650 926 1708; x_wconf 91' lang='lat' dir='ltr'>aut</span> <span class='ocrx_word' id='word_1_75' title='bbox 950 1640 1071 1726; x_wconf 86' lang='lat' dir='ltr'>poterit</span> <span class='ocrx_word' id='word_1_76' title='bbox 1099 1662 1158 1708; x_wconf 92' lang='lat' dir='ltr'>seu</span> <span class='ocrx_word' id='word_1_77' title='bbox 1181 1641 1318 1710; x_wconf 86' lang='lat' dir='ltr'>valeant</span> <span class='ocrx_word' id='word_1_78' title='bbox 1344 1653 1404 1710; x_wconf 89' lang='lat' dir='ltr'>aut</span> <span class='ocrx_word' id='word_1_79' title='bbox 1431 1643 1587 1728; x_wconf 89' lang='lat' dir='ltr'>qualiter·</span> 
     </span>
     <span class='ocr_line' id='line_1_10' title="bbox 229 1745 1588 1836; baseline -0.001 -18"><span class='ocrx_word' id='word_1_80' title='bbox 229 1771 361 1836; x_wconf 91' lang='lat' dir='ltr'>cunque</span> <span class='ocrx_word' id='word_1_81' title='bbox 384 1749 530 1836; x_wconf 90' lang='lat' dir='ltr'>poterint</span> <span class='ocrx_word' id='word_1_82' title='bbox 553 1747 588 1814; x_wconf 92' lang='lat' dir='ltr'>in</span> <span class='ocrx_word' id='word_1_83' title='bbox 610 1746 761 1814; x_wconf 82' lang='lat' dir='ltr'>futurum</span> <span class='ocrx_word' id='word_1_84' title='bbox 784 1745 966 1814; x_wconf 87' lang='lat' dir='ltr'>Tenendas</span> <span class='ocrx_word' id='word_1_85' title='bbox 988 1755 1021 1814; x_wconf 91' lang='lat' dir='ltr'>et</span> <span class='ocrx_word' id='word_1_86' title='bbox 1045 1746 1219 1814; x_wconf 90' lang='lat' dir='ltr'>habendas</span> <span class='ocrx_word' id='word_1_87' title='bbox 1238 1767 1358 1814; x_wconf 89' lang='lat' dir='ltr'>omncs</span> <span class='ocrx_word' id='word_1_88' title='bbox 1380 1757 1413 1815; x_wconf 90' lang='lat' dir='ltr'>et</span> <span class='ocrx_word' id='word_1_89' title='bbox 1437 1747 1588 1834; x_wconf 90' lang='lat' dir='ltr'>singulas</span> 
     </span>
     <span class='ocr_line' id='line_1_11' title="bbox 228 1849 1589 1941; baseline 0 -19"><span class='ocrx_word' id='word_1_90' title='bbox 228 1865 335 1922; x_wconf 88' lang='lat' dir='ltr'>terras</span> <span class='ocrx_word' id='word_1_91' title='bbox 353 1853 522 1941; x_wconf 88' lang='lat' dir='ltr'>predictas</span> <span class='ocrx_word' id='word_1_92' title='bbox 539 1875 616 1922; x_wconf 94' lang='lat' dir='ltr'>cum</span> <span class='ocrx_word' id='word_1_93' title='bbox 636 1850 852 1939; x_wconf 89' lang='lat' dir='ltr'>pertinenciis</span> <span class='ocrx_word' id='word_1_94' title='bbox 869 1849 1008 1937; x_wconf 87' lang='lat' dir='ltr'>prefatis</span> <span class='ocrx_word' id='word_1_95' title='bbox 1026 1851 1195 1939; x_wconf 89' lang='lat' dir='ltr'>preposito</span> <span class='ocrx_word' id='word_1_96' title='bbox 1213 1851 1349 1920; x_wconf 88' lang='lat' dir='ltr'>balliuis</span> <span class='ocrx_word' id='word_1_97' title='bbox 1367 1853 1589 1938; x_wconf 85' lang='lat' dir='ltr'>burgensibus</span> 
     </span>
     <span class='ocr_line' id='line_1_12' title="bbox 229 1955 1588 2047; baseline 0.001 -21"><span class='ocrx_word' id='word_1_98' title='bbox 229 1959 424 2027; x_wconf 90' lang='lat' dir='ltr'>consulibus</span> <span class='ocrx_word' id='word_1_99' title='bbox 446 1970 479 2027; x_wconf 89' lang='lat' dir='ltr'>et</span> <span class='ocrx_word' id='word_1_100' title='bbox 502 1957 739 2026; x_wconf 85' lang='lat' dir='ltr'>communitati</span> <span class='ocrx_word' id='word_1_101' title='bbox 768 1957 847 2025; x_wconf 91' lang='lat' dir='ltr'>dicti</span> <span class='ocrx_word' id='word_1_102' title='bbox 876 1955 972 2041; x_wconf 88' lang='lat' dir='ltr'>burgi</span> <span class='ocrx_word' id='word_1_103' title='bbox 995 1967 1028 2024; x_wconf 91' lang='lat' dir='ltr'>et</span> <span class='ocrx_word' id='word_1_104' title='bbox 1051 1955 1303 2026; x_wconf 91' lang='lat' dir='ltr'>successoribus</span> <span class='ocrx_word' id='word_1_105' title='bbox 1329 1957 1447 2047; x_wconf 17' lang='lat' dir='ltr'>suisne</span> <span class='ocrx_word' id='word_1_106' title='bbox 1475 1979 1531 2026; x_wconf 90' lang='lat' dir='ltr'>me</span> <span class='ocrx_word' id='word_1_107' title='bbox 1555 1967 1588 2028; x_wconf 91' lang='lat' dir='ltr'>ct</span> 
     </span>
     <span class='ocr_line' id='line_1_13' title="bbox 228 2060 1588 2149; baseline 0.003 -19"><span class='ocrx_word' id='word_1_108' title='bbox 228 2063 406 2132; x_wconf 88' lang='lat' dir='ltr'>heredibus</span> <span class='ocrx_word' id='word_1_109' title='bbox 436 2071 469 2130; x_wconf 90' lang='lat' dir='ltr'>et</span> <span class='ocrx_word' id='word_1_110' title='bbox 500 2061 683 2149; x_wconf 89' lang='lat' dir='ltr'>assignatis</span> <span class='ocrx_word' id='word_1_111' title='bbox 717 2060 801 2128; x_wconf 91' lang='lat' dir='ltr'>meis</span> <span class='ocrx_word' id='word_1_112' title='bbox 831 2063 872 2130; x_wconf 90' lang='lat' dir='ltr'>de</span> <span class='ocrx_word' id='word_1_113' title='bbox 902 2061 1038 2129; x_wconf 92' lang='lat' dir='ltr'>domino</span> <span class='ocrx_word' id='word_1_114' title='bbox 1072 2071 1188 2130; x_wconf 92' lang='lat' dir='ltr'>nostro</span> <span class='ocrx_word' id='word_1_115' title='bbox 1223 2064 1317 2148; x_wconf 87' lang='lat' dir='ltr'>Rege</span> <span class='ocrx_word' id='word_1_116' title='bbox 1350 2063 1529 2132; x_wconf 91' lang='lat' dir='ltr'>heredibus</span> <span class='ocrx_word' id='word_1_117' title='bbox 1555 2075 1588 2134; x_wconf 87' lang='lat' dir='ltr'>et</span> 
     </span>
     <span class='ocr_line' id='line_1_14' title="bbox 227 2167 1587 2254; baseline 0.003 -20"><span class='ocrx_word' id='word_1_118' title='bbox 227 2167 478 2236; x_wconf 88' lang='lat' dir='ltr'>successoribus</span> <span class='ocrx_word' id='word_1_119' title='bbox 511 2167 583 2236; x_wconf 92' lang='lat' dir='ltr'>suis</span> <span class='ocrx_word' id='word_1_120' title='bbox 613 2167 647 2234; x_wconf 91' lang='lat' dir='ltr'>in</span> <span class='ocrx_word' id='word_1_121' title='bbox 677 2167 775 2234; x_wconf 85' lang='lat' dir='ltr'>feodo</span> <span class='ocrx_word' id='word_1_122' title='bbox 808 2176 841 2234; x_wconf 87' lang='lat' dir='ltr'>et</span> <span class='ocrx_word' id='word_1_123' title='bbox 875 2167 1062 2236; x_wconf 89' lang='lat' dir='ltr'>hereditate</span> <span class='ocrx_word' id='word_1_124' title='bbox 1095 2167 1342 2254; x_wconf 85' lang='lat' dir='ltr'>imperpetuum</span> <span class='ocrx_word' id='word_1_125' title='bbox 1376 2189 1436 2254; x_wconf 90' lang='lat' dir='ltr'>per</span> <span class='ocrx_word' id='word_1_126' title='bbox 1468 2190 1587 2238; x_wconf 91' lang='lat' dir='ltr'>omnes</span> 
     </span>
     <span class='ocr_line' id='line_1_15' title="bbox 228 2271 1588 2360; baseline 0 -18"><span class='ocrx_word' id='word_1_127' title='bbox 228 2283 339 2342; x_wconf 89' lang='lat' dir='ltr'>rectas</span> <span class='ocrx_word' id='word_1_128' title='bbox 369 2283 479 2340; x_wconf 85' lang='lat' dir='ltr'>metas</span> <span class='ocrx_word' id='word_1_129' title='bbox 513 2293 593 2341; x_wconf 89' lang='lat' dir='ltr'>suas</span> <span class='ocrx_word' id='word_1_130' title='bbox 627 2271 786 2357; x_wconf 86' lang='lat' dir='ltr'>antiquas</span> <span class='ocrx_word' id='word_1_131' title='bbox 816 2281 849 2338; x_wconf 87' lang='lat' dir='ltr'>et</span> <span class='ocrx_word' id='word_1_132' title='bbox 880 2271 1007 2340; x_wconf 87' lang='lat' dir='ltr'>diuisas</span> <span class='ocrx_word' id='word_1_133' title='bbox 1039 2275 1079 2338; x_wconf 93' lang='lat' dir='ltr'>In</span> <span class='ocrx_word' id='word_1_134' title='bbox 1109 2272 1213 2340; x_wconf 91' lang='lat' dir='ltr'>moris</span> <span class='ocrx_word' id='word_1_135' title='bbox 1246 2271 1416 2341; x_wconf 87' lang='lat' dir='ltr'>marresiis</span> <span class='ocrx_word' id='word_1_136' title='bbox 1449 2273 1588 2360; x_wconf 87' lang='lat' dir='ltr'>petariis</span> 
     </span>
     <span class='ocr_line' id='line_1_16' title="bbox 227 2376 1587 2464; baseline 0.001 -18"><span class='ocrx_word' id='word_1_137' title='bbox 227 2377 386 2448; x_wconf 88' lang='lat' dir='ltr'>turbariis</span> <span class='ocrx_word' id='word_1_138' title='bbox 408 2377 472 2444; x_wconf 92' lang='lat' dir='ltr'>viis</span> <span class='ocrx_word' id='word_1_139' title='bbox 494 2376 625 2444; x_wconf 88' lang='lat' dir='ltr'>semitis</span> <span class='ocrx_word' id='word_1_140' title='bbox 647 2376 759 2462; x_wconf 86' lang='lat' dir='ltr'>planis</span> <span class='ocrx_word' id='word_1_141' title='bbox 781 2376 917 2462; x_wconf 89' lang='lat' dir='ltr'>pascuis</span> <span class='ocrx_word' id='word_1_142' title='bbox 939 2389 972 2444; x_wconf 92' lang='lat' dir='ltr'>et</span> <span class='ocrx_word' id='word_1_143' title='bbox 995 2377 1143 2462; x_wconf 87' lang='lat' dir='ltr'>pasturis</span> <span class='ocrx_word' id='word_1_144' title='bbox 1165 2377 1277 2446; x_wconf 92' lang='lat' dir='ltr'>boscis</span> <span class='ocrx_word' id='word_1_145' title='bbox 1300 2377 1411 2464; x_wconf 89' lang='lat' dir='ltr'>planis</span> <span class='ocrx_word' id='word_1_146' title='bbox 1435 2379 1531 2447; x_wconf 90' lang='lat' dir='ltr'>siluis</span> <span class='ocrx_word' id='word_1_147' title='bbox 1554 2389 1587 2448; x_wconf 90' lang='lat' dir='ltr'>et</span> 
     </span>
     <span class='ocr_line' id='line_1_17' title="bbox 227 2479 1586 2568; baseline 0 -18"><span class='ocrx_word' id='word_1_148' title='bbox 227 2483 382 2568; x_wconf 86' lang='lat' dir='ltr'>virgultis</span> <span class='ocrx_word' id='word_1_149' title='bbox 402 2481 689 2568; x_wconf 90' lang='lat' dir='ltr'>aucupacionibus</span> <span class='ocrx_word' id='word_1_150' title='bbox 704 2479 945 2549; x_wconf 86' lang='lat' dir='ltr'>venacionibus</span> <span class='ocrx_word' id='word_1_151' title='bbox 960 2491 993 2549; x_wconf 92' lang='lat' dir='ltr'>et</span> <span class='ocrx_word' id='word_1_152' title='bbox 1010 2481 1258 2567; x_wconf 87' lang='lat' dir='ltr'>piscacionibus</span> <span class='ocrx_word' id='word_1_153' title='bbox 1279 2483 1481 2551; x_wconf 90' lang='lat' dir='ltr'>molendinis</span> <span class='ocrx_word' id='word_1_154' title='bbox 1501 2483 1586 2552; x_wconf 92' lang='lat' dir='ltr'>mul·</span> 
     </span>
     <span class='ocr_line' id='line_1_18' title="bbox 208 2585 1587 2673; baseline 0 -17"><span class='ocrx_word' id='word_1_155' title='bbox 208 2589 313 2656; x_wconf 87' lang='lat' dir='ltr'>turis</span> <span class='ocrx_word' id='word_1_156' title='bbox 338 2597 372 2656; x_wconf 91' lang='lat' dir='ltr'>et</span> <span class='ocrx_word' id='word_1_157' title='bbox 401 2608 517 2655; x_wconf 90' lang='lat' dir='ltr'>eorum</span> <span class='ocrx_word' id='word_1_158' title='bbox 548 2586 694 2673; x_wconf 88' lang='lat' dir='ltr'>sequelis</span> <span class='ocrx_word' id='word_1_159' title='bbox 723 2607 801 2652; x_wconf 89' lang='lat' dir='ltr'>cum</span> <span class='ocrx_word' id='word_1_160' title='bbox 832 2586 934 2653; x_wconf 89' lang='lat' dir='ltr'>curiis</span> <span class='ocrx_word' id='word_1_161' title='bbox 963 2595 996 2654; x_wconf 92' lang='lat' dir='ltr'>et</span> <span class='ocrx_word' id='word_1_162' title='bbox 1027 2607 1142 2654; x_wconf 90' lang='lat' dir='ltr'>earum</span> <span class='ocrx_word' id='word_1_163' title='bbox 1173 2585 1318 2654; x_wconf 86' lang='lat' dir='ltr'>exitibus</span> <span class='ocrx_word' id='word_1_164' title='bbox 1348 2609 1389 2656; x_wconf 88' lang='lat' dir='ltr'>ac</span> <span class='ocrx_word' id='word_1_165' title='bbox 1418 2588 1587 2656; x_wconf 87' lang='lat' dir='ltr'>eschaetis</span> 
     </span>
     <span class='ocr_line' id='line_1_19' title="bbox 228 2691 1586 2778; baseline 0 -18"><span class='ocrx_word' id='word_1_166' title='bbox 228 2691 403 2778; x_wconf 89' lang='lat' dir='ltr'>bondagiis</span> <span class='ocrx_word' id='word_1_167' title='bbox 426 2691 594 2778; x_wconf 91' lang='lat' dir='ltr'>aueragiis</span> <span class='ocrx_word' id='word_1_168' title='bbox 616 2691 784 2777; x_wconf 87' lang='lat' dir='ltr'>caruagiis</span> <span class='ocrx_word' id='word_1_169' title='bbox 801 2701 835 2758; x_wconf 91' lang='lat' dir='ltr'>et</span> <span class='ocrx_word' id='word_1_170' title='bbox 856 2691 1034 2758; x_wconf 91' lang='lat' dir='ltr'>mulierum</span> <span class='ocrx_word' id='word_1_171' title='bbox 1057 2691 1239 2762; x_wconf 90' lang='lat' dir='ltr'>merchetis</span> <span class='ocrx_word' id='word_1_172' title='bbox 1262 2693 1307 2759; x_wconf 92' lang='lat' dir='ltr'>Et</span> <span class='ocrx_word' id='word_1_173' title='bbox 1330 2713 1408 2760; x_wconf 91' lang='lat' dir='ltr'>cum</span> <span class='ocrx_word' id='word_1_174' title='bbox 1429 2692 1586 2762; x_wconf 81' lang='lat' dir='ltr'>omnibus</span> 
     </span>
     <span class='ocr_line' id='line_1_20' title="bbox 228 2795 1586 2882; baseline 0.001 -18"><span class='ocrx_word' id='word_1_175' title='bbox 228 2797 303 2864; x_wconf 90' lang='lat' dir='ltr'>aliis</span> <span class='ocrx_word' id='word_1_176' title='bbox 329 2807 363 2865; x_wconf 92' lang='lat' dir='ltr'>et</span> <span class='ocrx_word' id='word_1_177' title='bbox 390 2797 532 2882; x_wconf 86' lang='lat' dir='ltr'>singulis</span> <span class='ocrx_word' id='word_1_178' title='bbox 558 2795 769 2866; x_wconf 90' lang='lat' dir='ltr'>libertatibus</span> <span class='ocrx_word' id='word_1_179' title='bbox 802 2796 1100 2864; x_wconf 87' lang='lat' dir='ltr'>commoditatibus</span> <span class='ocrx_word' id='word_1_180' title='bbox 1125 2807 1158 2864; x_wconf 92' lang='lat' dir='ltr'>et</span> <span class='ocrx_word' id='word_1_181' title='bbox 1185 2796 1395 2866; x_wconf 88' lang='lat' dir='ltr'>aisiamentis</span> <span class='ocrx_word' id='word_1_182' title='bbox 1417 2819 1457 2866; x_wconf 89' lang='lat' dir='ltr'>ac</span> <span class='ocrx_word' id='word_1_183' title='bbox 1482 2798 1586 2866; x_wconf 91' lang='lat' dir='ltr'>Iustis</span> 
     </span>
     <span class='ocr_line' id='line_1_21' title="bbox 228 2887 1698 2989; baseline 0.003 -19"><span class='ocrx_word' id='word_1_184' title='bbox 228 2901 443 2988; x_wconf 89' lang='lat' dir='ltr'>pertinenciis</span> <span class='ocrx_word' id='word_1_185' title='bbox 470 2903 725 2989; x_wconf 90' lang='lat' dir='ltr'>quibuscunque</span> <span class='ocrx_word' id='word_1_186' title='bbox 750 2910 821 2968; x_wconf 89' lang='lat' dir='ltr'>tam</span> <span class='ocrx_word' id='word_1_187' title='bbox 849 2901 968 2968; x_wconf 92' lang='lat' dir='ltr'>subtus</span> <span class='ocrx_word' id='word_1_188' title='bbox 993 2911 1083 2968; x_wconf 88' lang='lat' dir='ltr'>terra</span> <span class='ocrx_word' id='word_1_189' title='bbox 1110 2923 1211 2987; x_wconf 91' lang='lat' dir='ltr'>quam</span> <span class='ocrx_word' id='word_1_190' title='bbox 1238 2923 1340 2988; x_wconf 89' lang='lat' dir='ltr'>supra</span> <span class='ocrx_word' id='word_1_191' title='bbox 1364 2913 1488 2970; x_wconf 88' lang='lat' dir='ltr'>terram</span> <span class='ocrx_word' id='word_1_192' title='bbox 1513 2887 1584 2970; x_wconf 86' lang='lat' dir='ltr'>tam</span> <span class='ocrx_word' id='word_1_193' title='bbox 1607 2922 1698 2976; x_wconf 59' lang='grc' dir='ltr'>[σιν</span> 
     </span>
     <span class='ocr_line' id='line_1_22' title="bbox 228 3005 1586 3094; baseline -0.001 -19"><span class='ocrx_word' id='word_1_194' title='bbox 228 3008 343 3094; x_wconf 89' lang='lat' dir='ltr'>procul</span> <span class='ocrx_word' id='word_1_195' title='bbox 359 3029 461 3094; x_wconf 88' lang='lat' dir='ltr'>quam</span> <span class='ocrx_word' id='word_1_196' title='bbox 480 3027 583 3094; x_wconf 90' lang='lat' dir='ltr'>prope</span> <span class='ocrx_word' id='word_1_197' title='bbox 598 3016 670 3074; x_wconf 88' lang='lat' dir='ltr'>tam</span> <span class='ocrx_word' id='word_1_198' title='bbox 686 3027 753 3072; x_wconf 91' lang='lat' dir='ltr'>non</span> <span class='ocrx_word' id='word_1_199' title='bbox 770 3005 954 3073; x_wconf 87' lang='lat' dir='ltr'>nominatis</span> <span class='ocrx_word' id='word_1_200' title='bbox 972 3027 1074 3092; x_wconf 87' lang='lat' dir='ltr'>quam</span> <span class='ocrx_word' id='word_1_201' title='bbox 1094 3006 1278 3074; x_wconf 88' lang='lat' dir='ltr'>nominatis</span> <span class='ocrx_word' id='word_1_202' title='bbox 1293 3007 1337 3075; x_wconf 90' lang='lat' dir='ltr'>ad</span> <span class='ocrx_word' id='word_1_203' title='bbox 1352 3007 1461 3076; x_wconf 90' lang='lat' dir='ltr'>dictas</span> <span class='ocrx_word' id='word_1_204' title='bbox 1479 3017 1586 3076; x_wconf 87' lang='lat' dir='ltr'>terras</span> 
     </span>
     <span class='ocr_line' id='line_1_23' title="bbox 228 3109 1585 3198; baseline -0.001 -18"><span class='ocrx_word' id='word_1_205' title='bbox 228 3132 306 3180; x_wconf 92' lang='lat' dir='ltr'>cum</span> <span class='ocrx_word' id='word_1_206' title='bbox 329 3111 545 3198; x_wconf 87' lang='lat' dir='ltr'>pertinenciis</span> <span class='ocrx_word' id='word_1_207' title='bbox 568 3109 800 3198; x_wconf 85' lang='lat' dir='ltr'>spectantibus</span> <span class='ocrx_word' id='word_1_208' title='bbox 823 3133 882 3178; x_wconf 90' lang='lat' dir='ltr'>seu</span> <span class='ocrx_word' id='word_1_209' title='bbox 905 3111 993 3178; x_wconf 86' lang='lat' dir='ltr'>iuste</span> <span class='ocrx_word' id='word_1_210' title='bbox 1016 3119 1169 3196; x_wconf 87' lang='lat' dir='ltr'>spectare</span> <span class='ocrx_word' id='word_1_211' title='bbox 1190 3111 1382 3180; x_wconf 92' lang='lat' dir='ltr'>valentibus</span> <span class='ocrx_word' id='word_1_212' title='bbox 1404 3114 1585 3198; x_wconf 92' lang='lat' dir='ltr'>quomodo·</span> 
     </span>
     <span class='ocr_line' id='line_1_24' title="bbox 228 3215 1585 3303; baseline 0.001 -19"><span class='ocrx_word' id='word_1_213' title='bbox 228 3217 309 3286; x_wconf 91' lang='lat' dir='ltr'>libet</span> <span class='ocrx_word' id='word_1_214' title='bbox 324 3217 359 3284; x_wconf 90' lang='lat' dir='ltr'>in</span> <span class='ocrx_word' id='word_1_215' title='bbox 374 3217 524 3286; x_wconf 86' lang='lat' dir='ltr'>futurum</span> <span class='ocrx_word' id='word_1_216' title='bbox 540 3219 635 3285; x_wconf 87' lang='lat' dir='ltr'>Adeo</span> <span class='ocrx_word' id='word_1_217' title='bbox 652 3217 754 3286; x_wconf 91' lang='lat' dir='ltr'>libere</span> <span class='ocrx_word' id='word_1_218' title='bbox 770 3227 803 3284; x_wconf 91' lang='lat' dir='ltr'>et</span> <span class='ocrx_word' id='word_1_219' title='bbox 819 3215 930 3302; x_wconf 91' lang='lat' dir='ltr'>quiete</span> <span class='ocrx_word' id='word_1_220' title='bbox 946 3217 1095 3303; x_wconf 85' lang='lat' dir='ltr'>plenarie</span> <span class='ocrx_word' id='word_1_221' title='bbox 1110 3215 1239 3303; x_wconf 89' lang='lat' dir='ltr'>integre</span> <span class='ocrx_word' id='word_1_222' title='bbox 1254 3216 1437 3284; x_wconf 87' lang='lat' dir='ltr'>honorifice</span> <span class='ocrx_word' id='word_1_223' title='bbox 1452 3219 1536 3286; x_wconf 90' lang='lat' dir='ltr'>bene</span> <span class='ocrx_word' id='word_1_224' title='bbox 1552 3227 1585 3286; x_wconf 90' lang='lat' dir='ltr'>et</span> 
     </span>
     <span class='ocr_line' id='line_1_25' title="bbox 228 3319 1585 3410; baseline -0.001 -20"><span class='ocrx_word' id='word_1_225' title='bbox 228 3323 262 3390; x_wconf 91' lang='lat' dir='ltr'>in</span> <span class='ocrx_word' id='word_1_226' title='bbox 281 3343 364 3410; x_wconf 87' lang='lat' dir='ltr'>pace</span> <span class='ocrx_word' id='word_1_227' title='bbox 379 3322 413 3390; x_wconf 95' lang='lat' dir='ltr'>in</span> <span class='ocrx_word' id='word_1_228' title='bbox 430 3322 586 3391; x_wconf 90' lang='lat' dir='ltr'>omnibus</span> <span class='ocrx_word' id='word_1_229' title='bbox 602 3331 635 3390; x_wconf 92' lang='lat' dir='ltr'>et</span> <span class='ocrx_word' id='word_1_230' title='bbox 651 3343 710 3408; x_wconf 92' lang='lat' dir='ltr'>per</span> <span class='ocrx_word' id='word_1_231' title='bbox 727 3321 841 3388; x_wconf 90' lang='lat' dir='ltr'>omnia</span> <span class='ocrx_word' id='word_1_232' title='bbox 862 3321 949 3388; x_wconf 92' lang='lat' dir='ltr'>sicut</span> <span class='ocrx_word' id='word_1_233' title='bbox 966 3321 1079 3407; x_wconf 90' lang='lat' dir='ltr'>aliqua</span> <span class='ocrx_word' id='word_1_234' title='bbox 1094 3331 1184 3388; x_wconf 91' lang='lat' dir='ltr'>terra</span> <span class='ocrx_word' id='word_1_235' title='bbox 1204 3321 1289 3388; x_wconf 87' lang='lat' dir='ltr'>infra</span> <span class='ocrx_word' id='word_1_236' title='bbox 1309 3341 1450 3406; x_wconf 89' lang='lat' dir='ltr'>regnum</span> <span class='ocrx_word' id='word_1_237' title='bbox 1468 3319 1585 3388; x_wconf 86' lang='lat' dir='ltr'>Scocic</span> 
     </span>
     <span class='ocr_line' id='line_1_26' title="bbox 228 3421 1585 3516; baseline -0.003 -18"><span class='ocrx_word' id='word_1_238' title='bbox 228 3429 329 3498; x_wconf 93' lang='lat' dir='ltr'>alicui</span> <span class='ocrx_word' id='word_1_239' title='bbox 352 3451 493 3516; x_wconf 90' lang='lat' dir='ltr'>persone</span> <span class='ocrx_word' id='word_1_240' title='bbox 516 3429 652 3497; x_wconf 89' lang='lat' dir='ltr'>liberius</span> <span class='ocrx_word' id='word_1_241' title='bbox 665 3421 773 3496; x_wconf 83' lang='lat' dir='ltr'>¹datur</span> <span class='ocrx_word' id='word_1_242' title='bbox 791 3427 987 3496; x_wconf 89' lang='lat' dir='ltr'>conceditur</span> <span class='ocrx_word' id='word_1_243' title='bbox 1009 3427 1202 3514; x_wconf 88' lang='lat' dir='ltr'>assignatur</span> <span class='ocrx_word' id='word_1_244' title='bbox 1222 3449 1281 3494; x_wconf 91' lang='lat' dir='ltr'>seu</span> <span class='ocrx_word' id='word_1_245' title='bbox 1302 3427 1493 3513; x_wconf 88' lang='lat' dir='ltr'>possidetur</span> <span class='ocrx_word' id='word_1_246' title='bbox 1512 3425 1585 3494; x_wconf 88' lang='lat' dir='ltr'>sine</span> 
     </span>
     <span class='ocr_line' id='line_1_27' title="bbox 229 3531 1584 3618; baseline -0.003 -16"><span class='ocrx_word' id='word_1_247' title='bbox 229 3534 490 3603; x_wconf 89' lang='lat' dir='ltr'>Reclamacione</span> <span class='ocrx_word' id='word_1_248' title='bbox 512 3533 731 3602; x_wconf 88' lang='lat' dir='ltr'>reuocacione</span> <span class='ocrx_word' id='word_1_249' title='bbox 754 3543 813 3600; x_wconf 89' lang='lat' dir='ltr'>aut</span> <span class='ocrx_word' id='word_1_250' title='bbox 836 3531 1101 3600; x_wconf 87' lang='lat' dir='ltr'>contradictione</span> <span class='ocrx_word' id='word_1_251' title='bbox 1124 3531 1238 3618; x_wconf 89' lang='lat' dir='ltr'>aliqua</span> <span class='ocrx_word' id='word_1_252' title='bbox 1262 3531 1327 3598; x_wconf 90' lang='lat' dir='ltr'>mei</span> <span class='ocrx_word' id='word_1_253' title='bbox 1348 3531 1402 3599; x_wconf 92' lang='lat' dir='ltr'>uel</span> <span class='ocrx_word' id='word_1_254' title='bbox 1424 3531 1584 3599; x_wconf 91' lang='lat' dir='ltr'>heredum</span> 
     </span>
     <span class='ocr_line' id='line_1_28' title="bbox 228 3633 1585 3726; baseline -0.004 -17"><span class='ocrx_word' id='word_1_255' title='bbox 228 3651 286 3709; x_wconf 90' lang='lat' dir='ltr'>aut</span> <span class='ocrx_word' id='word_1_256' title='bbox 314 3640 561 3726; x_wconf 87' lang='lat' dir='ltr'>assignatorum</span> <span class='ocrx_word' id='word_1_257' title='bbox 589 3659 739 3706; x_wconf 90' lang='lat' dir='ltr'>meorum</span> <span class='ocrx_word' id='word_1_258' title='bbox 767 3659 826 3706; x_wconf 90' lang='lat' dir='ltr'>seu</span> <span class='ocrx_word' id='word_1_259' title='bbox 853 3637 995 3706; x_wconf 87' lang='lat' dir='ltr'>aliorum</span> <span class='ocrx_word' id='word_1_260' title='bbox 1022 3657 1299 3722; x_wconf 89' lang='lat' dir='ltr'>quorumcunque</span> <span class='ocrx_word' id='word_1_261' title='bbox 1328 3635 1406 3703; x_wconf 93' lang='lat' dir='ltr'>inde</span> <span class='ocrx_word' id='word_1_262' title='bbox 1431 3633 1585 3704; x_wconf 86' lang='lat' dir='ltr'>iacienda</span> 
     </span>
     <span class='ocr_line' id='line_1_29' title="bbox 228 3739 1584 3832; baseline -0.004 -18"><span class='ocrx_word' id='word_1_263' title='bbox 228 3745 505 3832; x_wconf 89' lang='lat' dir='ltr'>qualitercunque</span> <span class='ocrx_word' id='word_1_264' title='bbox 545 3744 730 3812; x_wconf 81' lang='lat' dir='ltr'>infuturum</span> <span class='ocrx_word' id='word_1_265' title='bbox 777 3741 946 3811; x_wconf 85' lang='lat' dir='ltr'>Faciendo</span> <span class='ocrx_word' id='word_1_266' title='bbox 991 3743 1068 3809; x_wconf 91' lang='lat' dir='ltr'>inde</span> <span class='ocrx_word' id='word_1_267' title='bbox 1113 3741 1193 3810; x_wconf 92' lang='lat' dir='ltr'>dicti</span> <span class='ocrx_word' id='word_1_268' title='bbox 1238 3739 1428 3826; x_wconf 89' lang='lat' dir='ltr'>prepositus</span> <span class='ocrx_word' id='word_1_269' title='bbox 1467 3739 1584 3808; x_wconf 89' lang='lat' dir='ltr'>balliui</span> 
     </span>
     <span class='ocr_line' id='line_1_30' title="bbox 227 3843 1583 3936; baseline -0.005 -17"><span class='ocrx_word' id='word_1_270' title='bbox 227 3851 384 3919; x_wconf 88' lang='lat' dir='ltr'>consules</span> <span class='ocrx_word' id='word_1_271' title='bbox 408 3852 590 3936; x_wconf 91' lang='lat' dir='ltr'>burgenses</span> <span class='ocrx_word' id='word_1_272' title='bbox 607 3859 640 3917; x_wconf 87' lang='lat' dir='ltr'>et</span> <span class='ocrx_word' id='word_1_273' title='bbox 661 3848 889 3916; x_wconf 89' lang='lat' dir='ltr'>communitas</span> <span class='ocrx_word' id='word_1_274' title='bbox 909 3846 1005 3933; x_wconf 90' lang='lat' dir='ltr'>burgi</span> <span class='ocrx_word' id='word_1_275' title='bbox 1029 3847 1169 3933; x_wconf 88' lang='lat' dir='ltr'>predicti</span> <span class='ocrx_word' id='word_1_276' title='bbox 1192 3846 1329 3913; x_wconf 91' lang='lat' dir='ltr'>domino</span> <span class='ocrx_word' id='word_1_277' title='bbox 1356 3853 1471 3912; x_wconf 90' lang='lat' dir='ltr'>nostro</span> <span class='ocrx_word' id='word_1_278' title='bbox 1497 3843 1583 3930; x_wconf 87' lang='lat' dir='ltr'>Regi</span> 
     </span>
     <span class='ocr_line' id='line_1_31' title="bbox 227 3948 1584 4036; baseline -0.007 -12"><span class='ocrx_word' id='word_1_279' title='bbox 227 3956 405 4026; x_wconf 90' lang='lat' dir='ltr'>heredibus</span> <span class='ocrx_word' id='word_1_280' title='bbox 421 3965 454 4022; x_wconf 90' lang='lat' dir='ltr'>et</span> <span class='ocrx_word' id='word_1_281' title='bbox 472 3954 722 4023; x_wconf 89' lang='lat' dir='ltr'>successoribus</span> <span class='ocrx_word' id='word_1_282' title='bbox 740 3955 810 4021; x_wconf 91' lang='lat' dir='ltr'>suis</span> <span class='ocrx_word' id='word_1_283' title='bbox 829 3953 972 4021; x_wconf 86' lang='lat' dir='ltr'>seruicia</span> <span class='ocrx_word' id='word_1_284' title='bbox 987 3955 1028 4020; x_wconf 90' lang='lat' dir='ltr'>de</span> <span class='ocrx_word' id='word_1_285' title='bbox 1043 3951 1143 4020; x_wconf 89' lang='lat' dir='ltr'>dictis</span> <span class='ocrx_word' id='word_1_286' title='bbox 1162 3949 1260 4019; x_wconf 85' lang='lat' dir='ltr'>terris</span> <span class='ocrx_word' id='word_1_287' title='bbox 1275 3971 1353 4018; x_wconf 93' lang='lat' dir='ltr'>cum</span> <span class='ocrx_word' id='word_1_288' title='bbox 1368 3948 1584 4036; x_wconf 89' lang='lat' dir='ltr'>pertinenciis</span> 
     </span>
     <span class='ocr_line' id='line_1_32' title="bbox 227 4045 1582 4146; baseline -0.007 -16"><span class='ocrx_word' id='word_1_289' title='bbox 227 4061 339 4131; x_wconf 91' lang='lat' dir='ltr'>debita</span> <span class='ocrx_word' id='word_1_290' title='bbox 354 4071 387 4129; x_wconf 90' lang='lat' dir='ltr'>et</span> <span class='ocrx_word' id='word_1_291' title='bbox 403 4069 566 4130; x_wconf 89' lang='lat' dir='ltr'>consueta</span> <span class='ocrx_word' id='word_1_292' title='bbox 585 4069 719 4128; x_wconf 89' lang='lat' dir='ltr'>tantum</span> <span class='ocrx_word' id='word_1_293' title='bbox 738 4081 798 4146; x_wconf 92' lang='lat' dir='ltr'>pro</span> <span class='ocrx_word' id='word_1_294' title='bbox 817 4057 909 4126; x_wconf 92' lang='lat' dir='ltr'>omni</span> <span class='ocrx_word' id='word_1_295' title='bbox 929 4058 996 4126; x_wconf 89' lang='lat' dir='ltr'>alio</span> <span class='ocrx_word' id='word_1_296' title='bbox 1016 4055 1158 4125; x_wconf 90' lang='lat' dir='ltr'>seruicio</span> <span class='ocrx_word' id='word_1_297' title='bbox 1177 4045 1320 4124; x_wconf 85' lang='lat' dir='ltr'>sechlari</span> <span class='ocrx_word' id='word_1_298' title='bbox 1338 4053 1512 4122; x_wconf 86' lang='lat' dir='ltr'>exactione</span> <span class='ocrx_word' id='word_1_299' title='bbox 1527 4054 1582 4121; x_wconf 90' lang='lat' dir='ltr'>uel</span> 
     </span>
     <span class='ocr_line' id='line_1_33' title="bbox 226 4158 1581 4253; baseline -0.008 -17"><span class='ocrx_word' id='word_1_300' title='bbox 226 4169 393 4236; x_wconf 86' lang='lat' dir='ltr'>demanda</span> <span class='ocrx_word' id='word_1_301' title='bbox 415 4188 481 4253; x_wconf 92' lang='lat' dir='ltr'>que</span> <span class='ocrx_word' id='word_1_302' title='bbox 501 4169 542 4234; x_wconf 91' lang='lat' dir='ltr'>de</span> <span class='ocrx_word' id='word_1_303' title='bbox 562 4165 662 4234; x_wconf 91' lang='lat' dir='ltr'>dictis</span> <span class='ocrx_word' id='word_1_304' title='bbox 683 4165 781 4233; x_wconf 88' lang='lat' dir='ltr'>terris</span> <span class='ocrx_word' id='word_1_305' title='bbox 804 4186 882 4233; x_wconf 92' lang='lat' dir='ltr'>cum</span> <span class='ocrx_word' id='word_1_306' title='bbox 905 4162 1122 4251; x_wconf 88' lang='lat' dir='ltr'>pertinenciis</span> <span class='ocrx_word' id='word_1_307' title='bbox 1145 4159 1334 4247; x_wconf 88' lang='lat' dir='ltr'>aliqualiter</span> <span class='ocrx_word' id='word_1_308' title='bbox 1356 4159 1443 4245; x_wconf 88' lang='lat' dir='ltr'>exigi</span> <span class='ocrx_word' id='word_1_309' title='bbox 1459 4158 1581 4245; x_wconf 88' lang='lat' dir='ltr'>poterit</span> 
     </span>
     <span class='ocr_line' id='line_1_34' title="bbox 226 4262 1580 4358; baseline -0.007 -18"><span class='ocrx_word' id='word_1_310' title='bbox 226 4281 284 4340; x_wconf 85' lang='lat' dir='ltr'>aut</span> <span class='ocrx_word' id='word_1_311' title='bbox 300 4271 422 4358; x_wconf 89' lang='lat' dir='ltr'>requiri</span> <span class='ocrx_word' id='word_1_312' title='bbox 439 4273 485 4338; x_wconf 89' lang='lat' dir='ltr'>Et</span> <span class='ocrx_word' id='word_1_313' title='bbox 500 4293 563 4358; x_wconf 91' lang='lat' dir='ltr'>ego</span> <span class='ocrx_word' id='word_1_314' title='bbox 573 4292 653 4338; x_wconf 89' lang='lat' dir='ltr'>vero</span> <span class='ocrx_word' id='word_1_315' title='bbox 668 4271 817 4356; x_wconf 85' lang='lat' dir='ltr'>prelatus</span> <span class='ocrx_word' id='word_1_316' title='bbox 833 4269 1003 4337; x_wconf 90' lang='lat' dir='ltr'>Iohannes</span> <span class='ocrx_word' id='word_1_317' title='bbox 1019 4270 1203 4337; x_wconf 89' lang='lat' dir='ltr'>banerman</span> <span class='ocrx_word' id='word_1_318' title='bbox 1221 4265 1360 4332; x_wconf 88' lang='lat' dir='ltr'>heredes</span> <span class='ocrx_word' id='word_1_319' title='bbox 1372 4272 1405 4331; x_wconf 91' lang='lat' dir='ltr'>et</span> <span class='ocrx_word' id='word_1_320' title='bbox 1417 4262 1580 4348; x_wconf 88' lang='lat' dir='ltr'>assignati</span> 
     </span>
     <span class='ocr_line' id='line_1_35' title="bbox 226 4367 1601 4464; baseline -0.009 -17"><span class='ocrx_word' id='word_1_321' title='bbox 226 4377 292 4464; x_wconf 84' lang='lat' dir='ltr'>mei</span> <span class='ocrx_word' id='word_1_322' title='bbox 311 4385 402 4446; x_wconf 89' lang='lat' dir='ltr'>totas</span> <span class='ocrx_word' id='word_1_323' title='bbox 421 4387 455 4445; x_wconf 91' lang='lat' dir='ltr'>et</span> <span class='ocrx_word' id='word_1_324' title='bbox 475 4377 624 4462; x_wconf 88' lang='lat' dir='ltr'>integras</span> <span class='ocrx_word' id='word_1_325' title='bbox 644 4375 812 4462; x_wconf 88' lang='lat' dir='ltr'>predictas</span> <span class='ocrx_word' id='word_1_326' title='bbox 831 4385 940 4442; x_wconf 91' lang='lat' dir='ltr'>terras</span> <span class='ocrx_word' id='word_1_327' title='bbox 955 4376 996 4456; x_wconf 84' lang='lat' dir='ltr'>de</span> <span class='ocrx_word' id='word_1_328' title='bbox 1012 4370 1249 4460; x_wconf 88' lang='lat' dir='ltr'>Smythihalch</span> <span class='ocrx_word' id='word_1_329' title='bbox 1270 4367 1342 4436; x_wconf 89' lang='lat' dir='ltr'>siue</span> <span class='ocrx_word' id='word_1_330' title='bbox 1362 4368 1455 4436; x_wconf 88' lang='lat' dir='ltr'>dele</span> <span class='ocrx_word' id='word_1_331' title='bbox 1476 4369 1580 4436; x_wconf 90' lang='lat' dir='ltr'>Croes</span> <span class='ocrx_word' id='word_1_332' title='bbox 1600 4396 1601 4402; x_wconf 44' lang='lat'>¹</span> 
     </span>
     <span class='ocr_line' id='line_1_36' title="bbox 225 4472 1580 4569; baseline -0.009 -18"><span class='ocrx_word' id='word_1_333' title='bbox 225 4499 303 4552; x_wconf 90' lang='lat' dir='ltr'>cum</span> <span class='ocrx_word' id='word_1_334' title='bbox 329 4481 545 4569; x_wconf 90' lang='lat' dir='ltr'>pertinenciis</span> <span class='ocrx_word' id='word_1_335' title='bbox 570 4481 709 4568; x_wconf 86' lang='lat' dir='ltr'>prefatis</span> <span class='ocrx_word' id='word_1_336' title='bbox 731 4479 900 4567; x_wconf 88' lang='lat' dir='ltr'>preposito</span> <span class='ocrx_word' id='word_1_337' title='bbox 922 4479 1057 4548; x_wconf 89' lang='lat' dir='ltr'>balliuis</span> <span class='ocrx_word' id='word_1_338' title='bbox 1083 4475 1277 4546; x_wconf 90' lang='lat' dir='ltr'>consulibus</span> <span class='ocrx_word' id='word_1_339' title='bbox 1302 4472 1525 4559; x_wconf 88' lang='lat' dir='ltr'>burgensibus</span> <span class='ocrx_word' id='word_1_340' title='bbox 1547 4483 1580 4539; x_wconf 92' lang='lat' dir='ltr'>et</span> 
     </span>
     <span class='ocr_line' id='line_1_37' title="bbox 226 4577 1581 4672; baseline -0.009 -16"><span class='ocrx_word' id='word_1_341' title='bbox 226 4585 461 4656; x_wconf 86' lang='lat' dir='ltr'>communitati</span> <span class='ocrx_word' id='word_1_342' title='bbox 484 4585 565 4656; x_wconf 90' lang='lat' dir='ltr'>dicti</span> <span class='ocrx_word' id='word_1_343' title='bbox 585 4585 681 4672; x_wconf 91' lang='lat' dir='ltr'>burgi</span> <span class='ocrx_word' id='word_1_344' title='bbox 700 4597 733 4653; x_wconf 92' lang='lat' dir='ltr'>et</span> <span class='ocrx_word' id='word_1_345' title='bbox 751 4584 1002 4652; x_wconf 88' lang='lat' dir='ltr'>successoribus</span> <span class='ocrx_word' id='word_1_346' title='bbox 1022 4582 1093 4649; x_wconf 92' lang='lat' dir='ltr'>suis</span> <span class='ocrx_word' id='word_1_347' title='bbox 1112 4577 1442 4650; x_wconf 87' lang='lat' dir='ltr'>Warrantizabimus</span> <span class='ocrx_word' id='word_1_348' title='bbox 1461 4599 1581 4663; x_wconf 89' lang='lat' dir='ltr'>acque·</span> 
     </span>
    </p>
   </div>
   <div class='ocr_carea' id='block_1_3' title="bbox 225 4681 1579 4844">
    <p class='ocr_par' dir='ltr' id='par_1_3' title="bbox 225 4681 1579 4844">
     <span class='ocr_line' id='line_1_38' title="bbox 225 4681 1579 4790; baseline -0.007 -30"><span class='ocrx_word' id='word_1_349' title='bbox 225 4693 379 4790; x_wconf 28' lang='lat' dir='ltr'>labimus·</span> <span class='ocrx_word' id='word_1_350' title='bbox 388 4703 421 4760; x_wconf 89' lang='lat' dir='ltr'>et</span> <span class='ocrx_word' id='word_1_351' title='bbox 437 4691 683 4778; x_wconf 88' lang='lat' dir='ltr'>imperpetuum</span> <span class='ocrx_word' id='word_1_352' title='bbox 702 4691 920 4758; x_wconf 86' lang='lat' dir='ltr'>defendemus</span> <span class='ocrx_word' id='word_1_353' title='bbox 938 4691 977 4754; x_wconf 94' lang='lat' dir='ltr'>ln</span> <span class='ocrx_word' id='word_1_354' title='bbox 993 4687 1089 4755; x_wconf 92' lang='lat' dir='ltr'>cuius</span> <span class='ocrx_word' id='word_1_355' title='bbox 1107 4686 1154 4754; x_wconf 93' lang='lat' dir='ltr'>rei</span> <span class='ocrx_word' id='word_1_356' title='bbox 1172 4683 1404 4752; x_wconf 87' lang='lat' dir='ltr'>testimonium</span> <span class='ocrx_word' id='word_1_357' title='bbox 1424 4681 1579 4768; x_wconf 93' lang='lat' dir='ltr'>Sigillum</span> 
     </span>
     <span class='ocr_line' id='line_1_39' title="bbox 896 4795 918 4844; baseline 0 0"><span class='ocrx_word' id='word_1_358' title='bbox 896 4795 918 4844; x_wconf 82' lang='grc' dir='ltr'><strong><em>Β</em></strong></span> 
     </span>
    </p>
   </div>
   <div class='ocr_carea' id='block_1_4' title="bbox 0 0 2240 5991">
    <p class='ocr_par' dir='ltr' id='par_1_4' title="bbox 0 0 2240 5991">
     <span class='ocr_line' id='line_1_40' title="bbox 0 0 2240 5991; baseline 0 0"><span class='ocrx_word' id='word_1_359' title='bbox 0 0 2240 5991; x_wconf 95' lang='lat' dir='ltr'> </span> 
     </span>
    </p>
   </div>
  </div>
 </body>
</html>
