4472 5992
581 694 681 762 Carta
703 694 817 760 Thome
839 695 875 761 dc
898 697 1034 762 Camere
1055 697 1091 760 de
1113 695 1260 762 murlhile
1557 719 1598 786 53

238 864 337 950 altarj
361 873 395 932 et
419 865 476 933 vni
499 867 674 952 capellano
698 867 827 936 Ibidem
844 877 882 935 ut
900 867 1108 954 premittitur
1131 870 1313 956 celebrantj
1337 893 1397 956 pro
1419 873 1600 942 animabus

239 971 442 1056 supradictis
464 982 502 1039 ut
525 971 732 1058 premittitur
752 973 937 1058 celebrantj
963 994 1023 1060 pro
1046 973 1225 1042 animabus
1247 975 1450 1062 supradictis
1474 981 1600 1064 Imper-

239 1069 379 1160 petdum
411 1077 452 1142 ln
481 1097 601 1160 puram
628 1085 662 1144 et
688 1087 886 1162 perpetuam
918 1077 1144 1145 Elimosinam
1171 1080 1264 1146 Adeo
1290 1077 1393 1148 libere
1424 1091 1458 1148 et
1488 1083 1601 1168 quiete

239 1179 389 1264 plenarie
412 1183 548 1268 Integre
570 1192 604 1249 et
627 1181 809 1251 honorilice
832 1185 917 1250 bene
940 1191 973 1250 et
996 1183 1031 1249 in
1054 1205 1138 1270 pace
1159 1183 1246 1252 sicut
1270 1185 1383 1272 aliqua
1411 1187 1600 1256 Elimosine

240 1283 326 1352 inire
363 1285 489 1354 dictam
525 1287 704 1356 ecclesiam
734 1288 962 1375 parochialem
992 1289 1073 1357 dicti
1104 1291 1199 1376 bur·
1228 1291 1364 1360 liberius
1394 1293 1496 1361 datur
1524 1315 1601 1362 con-

240 1389 372 1458 ceditur
394 1411 455 1460 sen
473 1393 515 1459 ¹iu
541 1415 661 1480 puram
688 1394 914 1462 Elimosinam
942 1395 1134 1480 possidetur
1154 1396 1227 1464 sine
1254 1419 1454 1484 quacunque
1482 1399 1601 1468 Recla-

241 1496 395 1566 meeione
425 1498 661 1568 Reuocacione
692 1509 752 1568 aut
782 1499 1048 1570 contradictione
1078 1500 1145 1568 mei
1173 1503 1227 1570 vel
1258 1503 1419 1572 heredum
1449 1521 1601 1573 meorum

240 1612 300 1671 aut
324 1603 468 1672 aliorum
495 1627 771 1693 quorumcunque
797 1607 934 1675 nomine
960 1615 1076 1675 nostro
1102 1609 1153 1674 vel
1185 1629 1226 1675 ex
1253 1617 1349 1694 parte
1378 1619 1494 1678 nostra
1525 1610 1602 1679 inde

240 1709 462 1796 quouismodo
490 1713 613 1782 futuris
645 1712 853 1800 temporibus
881 1712 1035 1782 facienda
1066 1713 1169 1782 Saluo
1198 1723 1333 1782 tantum
1364 1715 1467 1782 michi
1497 1715 1603 1784 libero

240 1824 435 1884 tenemento
455 1817 624 1886 dictarum
647 1828 791 1905 quatuor
813 1839 1005 1886 marearum
1028 1839 1089 1904 pro
1111 1827 1184 1886 toto
1206 1827 1358 1905 tempore
1372 1819 1441 1886 vite
1461 1840 1535 1886 mee
1555 1823 1602 1887 Et

241 1923 330 2006 quod
345 1922 557 2007 presenteoio
572 1923 653 2009 dictj
671 1923 836 2010 capellani
852 1923 955 1990 michi
971 1933 1005 1990 et
1020 1921 1199 1990 heredibus
1219 1923 1304 1990 meis
1320 1923 1475 2009 quotiens
1491 1923 1602 2010 ipsum

242 2027 455 2112 capellanum
478 2029 597 2096 cedere
618 2030 672 2097 vel
695 2030 856 2097 decedere
879 2028 1058 2114 contigerit
1082 2031 1272 2096 Remaneat
1295 2029 1398 2096 libere
1424 2029 1602 2115 disponen-

241 2133 285 2200 da
309 2133 356 2200 Et
380 2133 409 2201 si
431 2135 520 2202 forte
541 2137 617 2221 Ego
636 2136 689 2204 vel
711 2136 851 2204 heredes
874 2135 940 2220 mej
965 2143 1041 2220 post
1061 2133 1278 2202 venacionem
1301 2134 1391 2202 dicte
1417 2135 1603 2221 capellanie

242 2256 310 2303 non
332 2236 496 2306 fuerimus
519 2239 571 2306 vsi
595 2242 673 2307 Iure
698 2239 965 2326 presentationis
987 2239 1087 2306 vnius
1113 2239 1279 2325 capellani
1301 2239 1423 2327 ydonei
1446 2243 1489 2309 ad
1512 2241 1601 2310 idem

241 2339 349 2408 altare
363 2351 399 2410 vt
414 2343 623 2428 premittitur
642 2343 843 2413 Celebrandi
861 2343 948 2412 inira
962 2341 1082 2430 vigintj
1098 2365 1202 2411 vnum
1223 2344 1295 2412 dies
1317 2345 1469 2430 proximo
1484 2355 1517 2412 et
1534 2347 1601 2412 Im-

242 2445 389 2514 mediate
411 2458 591 2534 sequentes
603 2449 682 2516 volo
696 2458 730 2516 et
745 2448 890 2516 fideliter
908 2448 1070 2534 promitto
1085 2451 1174 2534 quod
1189 2447 1381 2534 prepositus
1398 2449 1479 2535 dietj
1504 2452 1600 2536 bur·

241 2549 299 2635 qui
321 2571 383 2636 pro
407 2561 560 2638 tempore
581 2553 682 2621 fuerit
703 2573 850 2622 unacum
873 2551 1118 2620 deliberacione
1145 2553 1263 2638 secretj
1292 2553 1422 2639 consilij
1451 2553 1601 2622 eiusdem

243 2655 366 2726 hebeat
392 2659 434 2724 de
459 2667 572 2726 cetero
601 2659 737 2745 plenam
762 2659 960 2726 facultatem
987 2657 1095 2724 eidem
1122 2657 1229 2725 altare
1253 2677 1357 2724 vnum
1387 2659 1601 2743 capellanum

241 2762 410 2846 ydoneum
436 2763 537 2848 pleno
564 2765 642 2832 Iure
668 2773 863 2850 presentare
885 2766 934 2831 Ac
958 2761 1161 2849 quaquidem
1188 2763 1444 2852 presentacione
1468 2773 1502 2832 et
1528 2764 1602 2832 eius

115 2961 117 2966 ι
244 2869 320 2934 Iure
343 2889 406 2954 ego
426 2880 459 2936 et
480 2868 620 2938 heredes
639 2870 706 2956 mej
728 2869 851 2938 abhinc
872 2869 978 2937 simus
999 2869 1134 2956 penitus
1153 2880 1187 2936 et
1207 2868 1346 2936 omnino
1366 2869 1493 2937 exclusi
1510 2869 1601 2938 Etsi

242 2971 346 3058 aliqui
362 2974 523 3042 heredum
535 2997 687 3042 meorum
702 2975 829 3042 dictam
845 2995 1016 3042 summam
1037 2983 1181 3060 quatuor
1202 2995 1393 3042 marcarum
1409 2973 1444 3040 in
1459 2983 1532 3042 toto
1547 2974 1600 3042 vel

241 3077 277 3144 in
293 3091 388 3165 parte
403 3102 424 3148 a
439 3081 530 3149 dieto
552 3082 729 3168 capellano
751 3081 953 3149 subtraxerit
977 3081 1077 3148 liceat
1099 3079 1439 3147 domino'diocesano
1461 3079 1518 3165 qui
1541 3077 1601 3166 pro

241 3193 393 3272 tempore
416 3187 515 3256 luerit
542 3173 788 3256 subtractorem
815 3186 997 3255 autoritate
1023 3207 1085 3254 sua
1112 3185 1314 3272 compellare
1336 3193 1370 3252 et
1392 3183 1514 3252 Anime
1541 3205 1601 3252 sue

242 3291 427 3377 periculum
449 3313 555 3378 usque
578 3293 621 3360 ad
644 3291 779 3380 plenam
806 3291 1013 3360 solucionem
1041 3289 1130 3358 dicte
1157 3311 1289 3357 summe
1314 3287 1504 3356 faciendam
1527 3309 1600 3374 pro·

242 3397 336 3484 sequj
368 3407 402 3466 et
432 3397 631 3485 distringere
667 3419 745 3467 cum
783 3399 904 3465 effectu
933 3397 986 3464 Ad
1017 3417 1119 3482 quam
1153 3395 1359 3464 solucionem
1391 3393 1535 3461 fideliter
1563 3389 1600 3462 ut¹

242 3505 406 3590 prefertur
422 3505 611 3574 faciendam
632 3505 705 3572 sine
719 3504 836 3571 fraude
856 3503 978 3588 Obligo
1000 3523 1054 3568 me
1074 3511 1107 3569 et
1129 3501 1269 3568 heredes
1292 3489 1386 3566 meos
1409 3497 1601 3565 successiue

242 3619 350 3678 terras
364 3621 398 3678 et
412 3609 588 3679 uniuersas
609 3610 841 3698 possessiones
864 3619 998 3676 nostras
1018 3607 1153 3676 habitas
1168 3617 1202 3674 et
1218 3606 1391 3673 habendas
1413 3613 1484 3672 tam
1509 3603 1601 3705 Infra

242 3719 385 3802 burgum
409 3739 510 3802 quam
533 3727 628 3784 extra
653 3717 724 3785 fore
746 3715 994 3802 distringendos
1017 3737 1077 3801 per
1099 3713 1307 3800 Episcopum
1334 3710 1599 3778 Abirdoncnsem
1649 3734 1652 3744 ¹

242 3823 299 3909 qui
326 3843 386 3908 pro
411 3833 562 3910 tempore
587 3821 687 3890 luerit
714 3832 747 3890 et
770 3823 978 3908 prepositum
1005 3823 1046 3888 de
1072 3819 1239 3888 Abirdene
1264 3839 1370 3902 usque
1395 3818 1438 3883 ad
1464 3815 1600 3902 plenam

242 3927 449 3995 solucionem
470 3930 617 3996 fiendam
638 3929 768 4014 prefato
784 3927 970 4014 Capeliano
985 3928 1027 3994 de
1043 3947 1178 3993 summa
1198 3930 1393 4010 expressata
1415 3920 1602 4005 Infringen·
1661 3941 1668 3960 ’
1777 3939 1779 3946 ·

241 4045 294 4104 tes
310 4057 370 4103 seu
384 4035 420 4101 in
436 4033 549 4120 aliquo
570 4035 796 4120 Infringentes
815 4043 1006 4120 presentem
1027 4053 1138 4098 meam
1155 4029 1405 4098 ordinacionem
1424 4025 1600 4094 dacionem

243 4140 495 4209 concessionem
509 4149 542 4207 et
554 4140 747 4207 huiusmodi
764 4140 952 4207 Elimosine
967 4135 1264 4206 confirmacionem
1281 4133 1462 4201 autoritate
1474 4129 1601 4198 domini

177 4313 180 4318 .
242 4247 348 4314 nostri
365 4247 468 4314 Ihesu
480 4245 598 4314 christi
610 4245 759 4313 crucifixi
771 4255 804 4313 et
817 4243 1058 4331 omnipotentis
1074 4243 1127 4309 dei
1139 4265 1179 4308 ac
1192 4249 1310 4307 sancte
1326 4237 1446 4305 matris
1459 4235 1602 4303 ecclesie

242 4362 275 4421 et
292 4363 420 4440 quanta
435 4351 660 4442 committitur
675 4352 824 4420 humane
840 4353 1002 4420 Creature
1014 4352 1057 4417 ad
1069 4347 1339 4416 maledicendum
1356 4342 1603 4411 maledicantur

242 4470 276 4528 et
300 4459 401 4526 Illam
424 4457 697 4526 maledictionem
720 4479 822 4544 quam
846 4466 942 4544 pater
964 4458 1027 4524 sub
1049 4477 1112 4522 sua
1134 4461 1303 4540 potestate
1325 4451 1428 4517 habet
1443 4447 1478 4513 in
1494 4445 1601 4512 hlium

142 4647 146 4654 .
243 4587 370 4632 merere
384 4564 522 4632 valeant
544 4563 692 4650 recipere
707 4573 740 4630 et
756 4561 926 4651 possidere
943 4561 989 4628 Et
1005 4581 1068 4646 ego
1085 4559 1237 4645 prefatus
1259 4555 1396 4625 thomas
1410 4555 1452 4621 de
1468 4571 1603 4619 camera

242 4679 276 4737 et
291 4669 432 4736 heredes
450 4667 516 4754 mej
541 4667 651 4736 dictas
673 4676 818 4752 quatuor
840 4687 973 4734 marcas
987 4672 1025 4732 ut
1040 4663 1243 4751 premissum
1260 4669 1311 4729 est
1327 4659 1418 4728 dicto
1440 4655 1538 4742 altar]⁸
1557 4657 1603 4722 Et
