4488 5996
577 684 822 750 talamarum
843 683 943 750 usim
965 683 1086 771 domioj
1107 683 1128 748 Ι
1128 683 1259 750 omis
1284 683 1381 751 Waus
1593 700 1655 772 271

300 857 481 924 millesimo
502 857 771 942 quingentesimo
795 856 1072 942 quinquagesimo
1093 857 1198 924 tercio
1221 857 1348 923 mensis
1367 879 1447 924 vero
1465 856 1581 942 aprilis
1603 857 1657 924 die
1678 865 1826 944 xxvjtde,
1849 933 1854 944 ,

301 961 464 1048 vigesimo
476 965 624 1028 secundo
639 962 821 1028 indictione
832 962 1011 1028 undecima
1026 961 1244 1047 pontificatus
1259 962 1464 1047 sanctissimj
1479 963 1514 1028 in
1529 961 1657 1030 christo
1679 931 1854 1048 ffifflml

301 1065 407 1152 patris
422 1087 462 1132 ac
477 1065 603 1150 dominj
622 1067 727 1150 nostrj
745 1065 871 1150 dominj
890 1065 966 1150 Iulij
984 1066 1100 1132 diuina
1119 1065 1331 1150 prouidentia
1349 1087 1435 1152 pape
1455 1066 1550 1151 tercij
1568 1087 1657 1132 anno
1679 1064 1763 1114 Wauu

301 1179 421 1254 quarto
438 1169 479 1234 In
495 1169 561 1254 mej
578 1169 700 1254 notarij
723 1169 845 1253 publicj
871 1177 904 1234 et
928 1168 1065 1235 testium
1085 1167 1371 1254 infrascriptorum
1391 1169 1569 1253 presentiis
1586 1191 1657 1255 per-

301 1271 462 1340 sonaliter
473 1272 680 1339 constitutus
691 1272 856 1340 discretus
867 1272 918 1338 vir
932 1272 1090 1340 dominus
1102 1274 1248 1340 Ioannes
1259 1294 1343 1338 vaus
1356 1273 1551 1358 capellanus
1563 1271 1655 1358 chorj

302 1376 443 1444 ecclesie
454 1377 657 1462 parochialis
668 1377 737 1462 diuj
755 1377 889 1462 nicolaij
906 1378 948 1444 de
963 1379 1131 1445 aberdene
1145 1399 1213 1444 non
1228 1377 1260 1462 vj
1278 1388 1336 1444 aut
1353 1389 1445 1446 metu
1456 1381 1580 1446 ductus
1595 1401 1657 1446 nec

301 1481 336 1548 in
348 1501 493 1548 errorem
510 1481 626 1566 lapsus
642 1501 702 1548 seu
717 1479 838 1566 quouis
852 1481 930 1546 dolo
945 1479 998 1546 vel
1013 1480 1130 1547 fraude
1146 1481 1397 1548 circumuentus
1412 1484 1471 1547 sed
1487 1503 1549 1548 sua
1564 1501 1658 1550 mera

301 1607 385 1672 pura
408 1596 442 1652 et
465 1595 653 1670 spontanea
675 1585 849 1670 voluntate
871 1584 985 1652 animo
1008 1605 1076 1650 non
1097 1585 1235 1652 varians
1256 1594 1292 1650 vt
1313 1585 1468 1670 apparuit
1490 1596 1600 1654 totum
1623 1595 1657 1654 ct

302 1687 471 1774 integrum
487 1709 591 1754 vnum
614 1709 765 1754 annuum
789 1687 957 1754 redditum
979 1687 1160 1772 vigintjsex
1178 1687 1360 1754 solidorum
1385 1699 1418 1754 et
1442 1699 1519 1755 octo
1540 1691 1657 1756 denar·

301 1791 410 1859 iorum
426 1792 553 1858 vsualis
569 1802 703 1858 monete
719 1791 812 1876 regnj
834 1791 939 1857 scotie
957 1791 1133 1857 annuatim
1157 1791 1339 1858 leuandum
1355 1803 1388 1858 et
1405 1793 1657 1878 percipiendum

302 1898 345 1963 ad
357 1897 442 1962 duos
457 1895 536 1981 annj
554 1894 718 1962 terminos
732 1893 868 1962 usuales
883 1903 1097 1980 pentecostes
1116 1893 1272 1961 videlicet
1287 1905 1320 1961 et
1337 1896 1446 1981 sanctJ'
1466 1897 1602 1981 martinj
1622 1896 1657 1963 in

301 2002 422 2088 hyeme
444 2023 504 2088 per
525 2001 662 2086 equales
684 2002 770 2067 duas
792 1999 921 2067 medias
943 2000 1114 2085 portiones
1129 2003 1170 2067 de
1192 2009 1266 2066 tota
1281 2011 1314 2067 et
1330 2001 1460 2084 integra
1483 2009 1572 2066 terra
1595 2023 1658 2068 sua

302 2105 469 2172 anteriore
488 2111 522 2171 ct
541 2105 675 2170 hortulo
698 2103 848 2170 eiusdem
871 2124 948 2169 cum
968 2103 1180 2188 pertinentiis
1205 2103 1398 2169 lacentibus
1421 2103 1506 2170 infra
1519 2103 1656 2201 ‘dictum

302 2212 445 2296 burgum
468 2210 503 2276 in
525 2209 601 2276 vico
623 2209 776 2275 inferiore
801 2207 942 2274 ecclesie
965 2229 1006 2273 ex
1027 2207 1153 2273 boreali
1176 2217 1271 2292 parte
1298 2207 1447 2273 eiusdem
1478 2206 1541 2292 vicj
1571 2207 1659 2272 inter

302 2325 426 2381 terram
449 2313 571 2400 robertj
596 2333 678 2398 gray
701 2333 741 2378 ex
763 2311 963 2396 occidentalj
988 2331 1118 2377 extvna
1133 2319 1257 2376 terram
1282 2311 1400 2376 altaris
1422 2311 1499 2377 diue
1518 2311 1657 2378 barbare
1686 2387 1689 2396 ,

300 2419 439 2505 virginis
454 2419 540 2486 infra
557 2419 682 2486 dictam
699 2417 877 2484 ecclesiam
897 2416 1125 2500 parochialem
1146 2415 1263 2482 situati
1278 2437 1319 2481 ex
1334 2416 1488 2501 orientalj
1506 2417 1658 2502 partibus

302 2527 344 2592 ab
369 2526 475 2593 altera
501 2535 626 2591 terram
650 2525 820 2609 quondam
844 2522 975 2608 patricij
1000 2525 1065 2588 vod
1086 2545 1203 2588 versus
1226 2524 1361 2589 boream
1385 2533 1419 2589 et
1441 2543 1656 2588 communem

303 2630 391 2697 viam
407 2629 535 2714 regiam
550 2651 667 2696 versus
682 2637 836 2696 austrum
854 2629 903 2696 IN
922 2628 1079 2703 manibus
1099 2627 1306 2694 honorabilis
1320 2628 1380 2712 virj
1403 2627 1534 2712 gilbertj
1553 2628 1657 2713 maly-

302 2755 383 2801 sone
401 2735 500 2801 unius
514 2733 716 2802 balliuorum
733 2733 812 2819 dictj
830 2733 925 2818 burgj
943 2756 1002 2819 per
1016 2755 1120 2800 vnum
1137 2733 1311 2801 denarium
1332 2735 1373 2800 de
1394 2733 1502 2800 outtol
1523 2755 1657 2800 sursum
1722 2729 1729 2742 '

301 2839 445 2906 reddidit
461 2861 608 2925 pureque
624 2849 657 2906 et
674 2839 873 2924 simpliciter
887 2839 1072 2924 resignauit
1088 2843 1136 2906 Ac
1152 2845 1262 2906 totum
1280 2829 1383 2906 Iuset
1399 2841 1568 2906 clameum
1584 2861 1657 2925 pro·

300 2945 479 3030 prietatem
495 2955 528 3011 et
544 2945 792 3031 possessionem
809 2945 991 3030 que'habet
1015 2945 1133 3012 habuit
1156 2957 1215 3012 aut
1238 2946 1360 3012 habere
1376 2947 1498 3031 poterit
1515 2947 1549 3012 in
1565 2957 1598 3012 et
1615 2947 1657 3012 ad

300 3049 465 3135 eiusmodj
484 3071 634 3116 annuum
649 3050 818 3116 redditum
839 3042 917 3116 c'um
938 3050 1150 3134 pertinentiis
1166 3071 1226 3136 pro
1248 3072 1284 3115 se
1304 3051 1483 3117 heredibus
1503 3061 1536 3116 et
1552 3050 1657 3136 assig-

302 3154 392 3220 natis
418 3154 556 3220 omnino
582 3151 897 3239 quietumclamauit
923 3152 1171 3237 imperpetuum
1198 3156 1250 3219 Ad
1277 3155 1425 3221 dandum
1451 3153 1599 3220 sasinam
1622 3163 1657 3220 et

300 3258 549 3342 possessionem
576 3257 818 3324 successoriam
848 3257 1000 3324 eiusdem
1030 3259 1132 3342 annuj
1161 3259 1311 3324 redditus
1337 3279 1414 3324 cum
1445 3259 1657 3344 pertinentlis

300 3361 455 3427 discretis
483 3361 564 3427 viris
594 3371 711 3428 curato
741 3371 775 3426 et
805 3360 990 3444 capellanis
1020 3361 1112 3446 chorj
1145 3361 1285 3427 ecclesie
1318 3363 1536 3447 parrochialis
1565 3363 1654 3448 beatj

303 3462 438 3548 nicolaij
467 3464 509 3529 de
535 3463 693 3530 abirdene
723 3473 756 3528 et
787 3461 858 3528 suis
888 3462 1140 3530 successoribus
1168 3463 1353 3548 capellanis
1382 3463 1532 3530 eiusdem
1562 3464 1654 3550 chorj

301 3565 548 3652 imperpetuum
582 3569 627 3632 Et
659 3575 904 3650 consequenter
932 3565 1044 3631 dictus
1076 3565 1222 3632 balliuus
1251 3567 1292 3632 de
1322 3566 1460 3651 specialj
1496 3569 1657 3635 mandato

300 3671 408 3756 ipsius
439 3671 650 3756 resignantes
681 3669 831 3736 sasinam
863 3679 896 3736 et
930 3669 1179 3754 possessionem
1214 3670 1456 3739 successorium
1488 3671 1594 3738 totius
1623 3681 1657 3738 et

300 3777 421 3862 integri
447 3777 527 3862 dictj
553 3775 655 3862 annuj
688 3775 839 3842 redditus
862 3775 1042 3860 vigintisex
1071 3775 1254 3842 solidorum
1281 3785 1315 3842 et
1341 3785 1418 3842 octo
1444 3776 1656 3844 denariorum

300 3892 435 3948 monete
470 3881 639 3948 antedicte
676 3881 852 3947 annuatim
886 3879 1068 3947 leuandum
1100 3891 1133 3948 et
1163 3881 1414 3966 percipiendum
1445 3883 1485 3948 de
1515 3891 1588 3948 tota
1622 3891 1656 3948 et

300 3985 431 4072 integra
460 3997 550 4054 terra
580 3985 730 4070 predicta
760 3996 794 4052 et
813 3985 959 4052 ‘hortulo
989 3985 1139 4055 eiusdem
1170 4007 1248 4054 cum
1279 3987 1491 4072 pertinentiis
1520 3989 1562 4055 ad
1592 3997 1656 4054 ter·

300 4088 411 4155 minos
444 4089 690 4174 suprascriptos
722 4089 868 4156 discreto
900 4088 972 4154 viro
1008 4089 1145 4156 domino
1175 4091 1309 4156 roberto
1339 4092 1452 4175 bynny
1481 4091 1656 4174 capellano

300 4192 470 4278 collectori
488 4213 527 4260 ac
543 4193 749 4278 procuratori
767 4201 801 4258 et
816 4213 857 4259 eo
876 4193 1013 4259 nomine
1034 4193 1238 4277 prelatorum
1260 4195 1510 4279 capellanorum
1527 4215 1656 4261 eorum·

300 4317 365 4380 qus
395 4317 628 4364 suceessorum
655 4319 714 4383 per
739 4297 838 4364 vnius
860 4297 988 4382 denarij
1016 4300 1058 4364 de
1085 4297 1428 4366 lntoll'donationem
1454 4300 1596 4366 contulit
1622 4309 1656 4366 et

299 4421 377 4466 cum
405 4401 525 4468 ellectu
551 4401 750 4468 deliberauit
779 4423 820 4469 ac
847 4401 959 4487 ipsum
990 4403 1204 4469 collectorem
1234 4403 1370 4470 nomine
1400 4405 1466 4488 quo
1493 4425 1595 4489 supra
1621 4403 1656 4471 in

300 4509 445 4572 eundern
464 4505 594 4572 induxit
617 4507 778 4591 imposuit
801 4517 834 4573 et
858 4508 1076 4592 corporaliter
1097 4507 1272 4575 inuestiuit
1296 4512 1480 4575 secundum
1504 4521 1655 4576 tenorem

301 4611 418 4682 chorte
432 4611 640 4678 fundationis
655 4614 798 4698 desuper
813 4613 963 4678 conlecte
986 4614 1083 4679 saluo
1107 4615 1183 4680 lure
1206 4613 1384 4681 cuiuslibet
1408 4616 1516 4700 Super
1535 4615 1656 4700 quibus
