4490 5990
613 665 656 750 84
837 659 999 729 sauata
1020 657 1188 748 capellanie
1209 657 1320 726 aare
1342 657 1586 728 araturam
1609 659 1735 746 rarae

614 837 725 906 sinam
741 837 841 906 datur
855 831 1051 904 conceditur
1061 842 1119 900 aut
1129 831 1320 918 possidetur
1336 831 1408 900 sine
1419 829 1639 902 reuocacione
1651 839 1711 900 aut
1726 830 1973 900 reclamacione

613 941 752 1029 aliquali
768 940 835 1010 mei
850 941 1012 1010 heredum
1028 960 1179 1008 meorum
1192 947 1251 1008 aut
1267 939 1517 1026 assignatorum
1532 937 1686 1007 facienda
1703 939 1846 1026 Insuper
1864 938 1974 1008 dictos

614 1069 747 1117 annuos
767 1045 918 1116 redditus
940 1067 1000 1133 per
1019 1067 1074 1114 me
1093 1067 1274 1114 concessos
1299 1045 1450 1132 primeue
1476 1043 1700 1113 infeodacioni
1722 1055 1756 1112 et
1778 1043 1973 1112 fundacioni

613 1153 692 1221 vnio
716 1151 847 1239 Redige
872 1161 906 1220 et
929 1161 1074 1220 annecto
1095 1151 1131 1218 in
1152 1173 1254 1220 vnam
1278 1151 1502 1239 capellaniam
1523 1171 1582 1236 per
1602 1159 1776 1237 presentes
1797 1151 1875 1218 Iure
1894 1171 1974 1218 vero

614 1269 816 1348 patronatus
845 1257 997 1327 eiusdem
1027 1257 1223 1345 Capellanie
1253 1255 1356 1326 michi
1379 1263 1413 1325 et
1436 1256 1615 1326 heredibus
1638 1256 1723 1324 meis
1749 1255 1911 1324 masculis
1933 1258 1974 1324 de

615 1385 753 1452 corpore
785 1385 863 1432 meo
894 1362 1061 1452 legittime
1092 1363 1278 1450 procreatis
1310 1385 1371 1431 seu
1407 1363 1624 1450 procreandis
1652 1361 1825 1450 perpetuis
1852 1362 1974 1430 futuris

614 1469 824 1556 temporibus
848 1469 1102 1538 remanentibus
1128 1468 1250 1555 quibus
1273 1469 1361 1536 forte
1386 1467 1621 1536 deficientibus
1646 1467 1818 1554 preposito
1840 1467 1977 1538 balliuis

615 1574 821 1644 Consulibus
843 1583 877 1642 et
900 1573 1146 1660 communitatj
1171 1572 1259 1659 dictj'
1277 1572 1373 1660 burgi
1398 1575 1651 1660 Imperpetnum
1677 1575 1723 1640 Et
1748 1569 1778 1640 si
1802 1571 1889 1640 forte
1912 1593 1974 1658 ego

615 1689 674 1748 aut
701 1680 843 1748 heredes
871 1678 938 1748 mei
968 1688 1045 1766 post
1070 1676 1284 1747 vacationem
1314 1677 1403 1746 dicte
1434 1677 1620 1764 capellanie
1643 1676 1695 1744 vsi
1718 1697 1787 1744 non
1811 1675 1975 1744 fuerimus

617 1787 695 1852 lure
714 1794 916 1872 patronatus
937 1784 1038 1853 vnius
1058 1783 1181 1871 ydonei
1204 1783 1371 1870 capellani
1393 1786 1437 1852 ad
1461 1785 1556 1852 Idem
1580 1783 1686 1851 altare
1707 1791 1747 1851 ut
1770 1782 1977 1870 premittitur

615 1889 807 1960 celebrandi
839 1889 926 1958 infra
955 1888 1180 1976 quadraginta
1213 1889 1286 1958 dies
1319 1887 1469 1976 proxime
1499 1895 1533 1956 et
1564 1887 1760 1956 immediate
1795 1898 1976 1975 sequentes

616 1995 704 2063 Volo
733 1997 882 2064 concedo
911 2004 945 2064 et
974 1994 1120 2063 fideliter
1148 1994 1310 2082 promitto
1339 1997 1429 2081 quod
1458 1993 1650 2082 prepositus
1679 1993 1760 2080 dictj
1792 1995 1888 2081 burgi
1919 1993 1975 2080 qui

616 2121 677 2188 pro
691 2109 844 2187 tempore
865 2097 966 2168 luerit
987 2121 1055 2168 vna
1077 2121 1156 2168 cum
1178 2099 1424 2168 deliberacione
1447 2099 1567 2186 secretj
1592 2098 1722 2185 consilij
1742 2097 1894 2167 eiusdem
1911 2099 1976 2168 Illa

615 2205 681 2291 vicj
711 2205 781 2290 [rio]
809 2205 933 2275 habeat
960 2204 1147 2294 plenariam
1177 2214 1382 2292 potestatem
1408 2203 1518 2274 eidem
1548 2205 1646 2291 altarj
1674 2225 1779 2272 vnum
1810 2205 1975 2272 Idoneum

617 2311 840 2398 Capellauum
863 2321 1058 2398 presentare
1081 2313 1224 2380 Necnon
1247 2311 1275 2378 si
1298 2310 1402 2398 aliqui
1425 2312 1586 2380 heredum
1610 2331 1761 2378 meorum
1788 2319 1849 2378 aut
1871 2309 1976 2396 assig-

616 2427 773 2486 natorum
803 2416 996 2486 huiusmodi
1026 2439 1158 2485 annuos
1183 2415 1334 2485 redditus
1364 2417 1398 2482 in
1428 2425 1501 2484 toto
1527 2425 1586 2484 aut
1616 2415 1651 2482 in
1677 2425 1773 2502 parte
1799 2437 1820 2484 a
1846 2415 1976 2501 prefato

617 2521 793 2609 capellano
817 2521 1051 2592 Subtraxerint
1073 2533 1155 2591 tunc
1179 2521 1279 2591 liceat
1302 2521 1439 2590 domino
1462 2521 1643 2590 diocesano
1666 2521 1723 2607 qui
1744 2543 1804 2608 pro
1824 2530 1977 2606 tempore

615 2627 716 2697 fuerit
745 2631 882 2698 eosdem
912 2629 1095 2698 autoritate
1121 2653 1184 2698 sua
1210 2630 1412 2716 compellere
1438 2639 1472 2698 et
1496 2628 1531 2696 in
1556 2629 1669 2697 anime
1699 2651 1759 2698 sue
1789 2627 1975 2716 periculum

615 2753 721 2819 vsque
746 2735 790 2802 ad
814 2733 1001 2820 plenariam
1028 2733 1235 2802 solucionem
1259 2735 1349 2803 dicte
1379 2755 1511 2802 summe
1540 2733 1729 2802 faciendam
1756 2732 1912 2821 prosequj
1943 2741 1977 2800 et

617 2837 816 2926 distringere
846 2861 923 2908 cum
953 2841 1075 2909 effectu
1110 2839 1338 2927 Infringentes
1371 2843 1439 2909 Seu
1471 2841 1505 2908 in
1536 2841 1649 2926 aliquo
1684 2839 1869 2927 Infringere
1902 2861 1976 2928 pro-

617 2953 776 3012 curantes
801 2955 976 3030 presentes
1005 2967 1100 3014 meas
1129 2945 1351 3015 donacionem
1382 2945 1633 3015 ordinacionem
1659 2957 1693 3015 et
1723 2946 1976 3016 concessionem

618 3058 651 3116 et
689 3048 881 3118 huiusmodi
919 3051 1105 3137 elymosina
1146 3051 1442 3120 confirmacionem
1481 3052 1663 3120 autoritate
1703 3051 1831 3120 domini
1870 3051 1976 3119 nostri

620 3152 724 3221 Ihesu
754 3152 871 3221 christi
901 3153 1145 3242 omnipotentis
1182 3155 1235 3224 dei
1269 3177 1309 3226 ac
1339 3165 1457 3224 sancte
1488 3155 1608 3224 matris
1637 3155 1779 3226 ecclesie
1809 3165 1843 3224 et
1873 3177 1976 3242 quan·

618 3267 692 3326 tum
718 3257 944 3327 committitur
969 3259 1118 3328 humane
1148 3271 1300 3329 creature
1327 3263 1369 3329 ad
1396 3261 1665 3329 maledicendum
1695 3259 1919 3329 maledicatur
1943 3270 1977 3329 et

620 3361 721 3428 Illam
740 3361 1018 3431 maledictionem
1037 3386 1138 3449 quam
1158 3373 1254 3452 pater
1276 3367 1339 3434 sub
1362 3375 1530 3453 potestate
1553 3366 1655 3434 habet
1673 3363 1709 3431 in
1727 3365 1834 3432 filium
1857 3365 1977 3434 mereri

618 3465 754 3533 valeant
769 3475 803 3534 et
819 3467 1014 3536 eternaliter
1028 3467 1199 3555 possidere
1219 3469 1411 3538 Faciendus
1431 3469 1509 3537 inde
1531 3469 1643 3540 dictus
1663 3469 1860 3556 capellanus
1875 3479 1910 3538 et
1926 3469 1978 3537 sui

619 3591 832 3638 successores
858 3572 1002 3640 seruicia
1027 3573 1144 3642 diuina
1166 3575 1210 3642 ad
1236 3575 1331 3642 Idem
1359 3574 1465 3642 altare
1491 3597 1551 3661 pro
1578 3574 1757 3643 animabus
1782 3575 1978 3643 fundatores

618 3673 732 3743 debita
754 3683 789 3742 et
811 3685 975 3744 consueta
999 3677 1045 3745 Et
1069 3677 1098 3744 si
1120 3678 1297 3766 contingat
1319 3679 1522 3767 prelibatum
1546 3679 1759 3766 capellanum
1782 3681 1924 3748 deficere
1943 3679 1977 3746 in

619 3778 763 3848 seruicio
789 3779 904 3848 diuino
933 3803 993 3869 per
1022 3785 1247 3870 quadraginta
1277 3785 1349 3853 dies
1378 3785 1558 3854 continuos
1587 3785 1622 3852 in
1652 3787 1785 3854 defectu
1811 3785 1978 3872 capellani

618 3883 769 3952 eiusdem
793 3895 852 3954 aut
876 3886 928 3955 sui
951 3889 1125 3976 substitutj
1149 3889 1214 3958 nisi
1238 3913 1343 3959 causa
1365 3891 1565 3978 egritudinis
1587 3891 1660 3959 sine
1683 3891 1822 3978 speciali
1837 3891 1979 3960 licencia

619 3989 686 4058 mei
702 4000 761 4059 aut
776 3991 938 4061 heredum
957 4015 1110 4063 meorum
1132 4005 1214 4064 tunc
1237 3996 1369 4065 licitum
1391 3996 1454 4064 erit
1477 3995 1575 4065 nobis
1596 3999 1638 4065 de
1660 3998 1779 4065 eadem
1802 3995 1979 4082 disponere

618 4117 679 4182 pro
701 4105 817 4165 nostre
838 4097 935 4167 libito
957 4099 1143 4168 voluntatis
1197 4103 1244 4168 Et
1268 4123 1331 4187 ego
1352 4123 1433 4169 vero
1459 4101 1571 4170 dictus
1598 4101 1770 4170 Iohannes
1796 4101 1920 4168 knollis
1946 4111 1979 4168 et

618 4199 759 4269 heredes
789 4203 855 4270 mei
886 4211 977 4272 totos
1006 4213 1040 4274 et
1071 4206 1221 4293 integros
1251 4227 1382 4274 annuos
1408 4209 1559 4276 redditus
1584 4218 1781 4294 prenotatos
1807 4229 1885 4276 cum
1910 4206 1981 4274 suis

619 4307 836 4392 pertinenciis
851 4311 981 4396 prefato
996 4312 1173 4399 capellano
1196 4321 1230 4380 et
1253 4313 1324 4380 suis
1345 4313 1596 4381 successoribus
1611 4313 1781 4400 perpetuis
1796 4313 1982 4400 capellanis

618 4411 769 4481 eiusdem
785 4415 820 4481 in
836 4416 994 4485 omnibus
1009 4427 1043 4486 et
1059 4439 1119 4504 per
1133 4419 1249 4488 omnia
1263 4429 1301 4487 ut
1317 4419 1520 4506 premissum
1539 4427 1591 4486 eat
1611 4439 1672 4504 per
1691 4439 1809 4485 omnes
1824 4429 1932 4486 terras
1947 4427 1981 4484 et

619 4519 851 4604 possessiones
880 4533 1016 4590 nostras
1045 4534 1165 4594 contra
1195 4547 1314 4594 omnes
1343 4525 1505 4594 mortales
1534 4523 1822 4592 varantlzabimus
1848 4522 1981 4609 acquie-

618 4623 769 4694 tabimus
792 4635 826 4694 et
850 4629 1104 4716 Imperpetuum
1131 4631 1351 4700 defendemus
1375 4634 1416 4699 ln
1440 4631 1546 4701 Cuius
1569 4629 1618 4698 rei
1641 4629 1875 4700 testimonium
1902 4629 1982 4699 huic
