4490 5990
582 665 634 734 ω.
849 663 982 732 aaut
1001 663 1180 730 rurum
1200 664 1313 732 uuo
1334 664 1419 730 um
1438 663 1540 730 mro
1564 633 1727 751 vergens

671 841 760 920 Item
786 839 829 906 de
853 847 944 905 terra
969 857 1035 922 que
1058 835 1122 904 luit
1148 839 1319 922 qnondam
1342 839 1405 904 ede
1429 838 1473 904 de
1494 835 1591 904 hedis
1614 857 1717 922 quam
1740 855 1831 904 nnnc
1854 845 1948 904 tenet

584 943 767 1011 vilhelmus
788 945 830 1010 de
853 943 972 1011 Contis
995 942 1083 1008 inter
1104 951 1229 1010 terram
1253 944 1422 1028 quondam
1445 941 1597 1008 vilhelmi
1619 943 1661 1008 de
1681 943 1948 1010 stradeeversns

581 1049 693 1118 oriens
708 1059 742 1116 et
757 1061 826 1116 tres
840 1047 914 1115 vias
929 1047 1082 1133 publicas
1095 1069 1214 1115 versus
1230 1057 1383 1115 austrum
1399 1047 1557 1115 occidens
1572 1057 1607 1114 et
1623 1049 1758 1114 boream
1851 1047 1908 1132 viij
1922 1049 1944 1113 d

669 1157 760 1221 Item
784 1155 827 1221 de
848 1163 938 1222 terra
960 1153 1146 1221 allexandri
1169 1156 1359 1250 andersoun
1382 1156 1483 1223 etde
1503 1165 1595 1222 terra
1613 1154 1732 1222 thome
1753 1156 1945 1223 andersoun

582 1261 722 1327 iacente
735 1259 824 1327 inter
842 1269 968 1328 terram
983 1261 1154 1345 quondam
1170 1259 1287 1328 mathe
1305 1259 1408 1328 attale
1424 1279 1526 1345 qnam
1542 1279 1634 1328 nunc
1654 1269 1748 1328 tenet
1774 1260 1948 1328 Iohannes

581 1376 702 1452 sprunt
716 1387 758 1434 ex
772 1375 867 1452 parte
883 1365 1023 1452 australj
1043 1387 1085 1434 ex
1099 1385 1167 1434 vna
1188 1375 1222 1432 et
1245 1364 1404 1432 vinellam
1428 1387 1493 1450 que
1512 1365 1604 1451 jacet
1627 1387 1668 1433 ex
1690 1375 1786 1454 parte
1801 1366 1941 1452 australj

580 1469 737 1556 cimiterii
753 1469 894 1538 ecclesie
910 1469 1000 1540 beati
1015 1469 1162 1537 nicholai
1178 1491 1220 1538 ex
1234 1479 1329 1556 perte
1345 1470 1463 1540 boriali
1478 1471 1630 1556 partibus
1645 1473 1689 1539 ab
1710 1471 1818 1538 altera

676 1577 680 1589 ’
1589 1575 1624 1662 iij
1641 1575 1766 1644 solidos
1782 1585 1816 1642 et
1831 1575 1905 1641 iiii«
1920 1577 1942 1644 d

668 1683 756 1748 Item
779 1681 820 1748 de
844 1689 934 1748 terra
954 1701 1019 1766 que
1038 1679 1101 1748 fuit
1125 1682 1295 1767 quondam
1318 1679 1469 1774 vilhelmi
1492 1681 1630 1748 schem
1651 1703 1753 1766 quam
1769 1681 1942 1750 useoaun

579 1788 624 1855 ad
645 1785 877 1854 leodofinnam
900 1785 1038 1854 domino
1059 1786 1254 1857 allexandro
1276 1787 1318 1854 de
1342 1788 1474 1872 Irvvyne
1495 1785 1633 1854 domino
1655 1790 1696 1854 de
1719 1789 1817 1854 drum
1840 1787 1939 1872 militj

578 1901 613 1960 et
628 1893 774 1960 caudam
788 1891 939 1958 eiusdem
954 1889 1115 1958 vilhelmo
1127 1893 1263 1958 baxster
1274 1893 1412 1958 Iacente
1423 1891 1645 1958 intertenam
1657 1891 1777 1977 prelati
1788 1891 1940 1960 vilhelmi

578 1998 716 2065 scherar
737 2019 779 2064 ex
801 2007 896 2082 parte
911 1995 1068 2064 orientali
1082 1993 1124 2064 e'x
1136 2017 1204 2064 vna
1224 2007 1258 2064 et
1280 2017 1495 2064 communem
1518 1995 1678 2064 vinellam
1700 2019 1765 2083 que
1784 1997 1879 2082 jacet
1899 2019 1942 2064 ex

578 2113 674 2189 parte
689 2101 842 2188 orientalj
860 2101 1015 2188 cimiterij
1033 2101 1173 2170 ecclesie
1190 2100 1280 2170 beati
1295 2101 1418 2188 nicolai
1435 2111 1586 2188 exparte
1601 2101 1801 2188 occidentalj

1722 2207 1798 2273 iiiior
1813 2207 1939 2276 solidos

666 2313 753 2380 Item
784 2313 825 2379 de
853 2321 943 2379 terra
973 2309 1126 2397 magistri
1163 2311 1280 2383 thome
1317 2311 1455 2378 chamer
1492 2311 1600 2378 curati
1630 2313 1671 2378 de
1701 2314 1867 2380 aberdene
1897 2315 1939 2380 de

577 2441 666 2486 nouo
681 2417 865 2486 constructi
888 2419 1025 2486 Iacente
1041 2428 1135 2484 extra
1150 2427 1282 2503 portam
1298 2417 1362 2503 vicj
1379 2417 1548 2486 furcarum
1564 2439 1605 2484 ex
1620 2415 1820 2485 occidentali
1843 2427 1938 2504 parte

575 2523 640 2592 vici
655 2524 736 2611 regij
753 2533 825 2592 tam
848 2525 890 2592 de
911 2523 1067 2592 domibus
1082 2545 1184 2610 quam
1205 2525 1246 2591 de
1267 2523 1382 2590 croltis
1404 2545 1453 2590 vs
1474 2521 1552 2590 inde
1575 2532 1833 2610 augmentatum
1856 2521 1936 2608 xijd

575 2639 609 2698 et
625 2651 685 2718 per
698 2631 842 2700 eundem
858 2641 1013 2698 curatum

1120 2717 1142 2784 I
1141 2740 1164 2784 n
1178 2717 1246 2784 uico
1258 2717 1392 2785 nauium

663 2837 716 2906 De
730 2847 820 2906 terra
836 2859 937 2924 quam
953 2858 1043 2906 nunc
1058 2847 1202 2924 occupat
1217 2837 1354 2906 thomas
1370 2837 1517 2906 brancho
1533 2839 1671 2906 Iacente
1682 2859 1723 2906 ex
1735 2837 1935 2926 occidentali

575 2951 670 3028 parte
686 2943 836 3012 eiusdem
851 2943 916 3030 vicj
933 2943 1022 3012 inter
1036 2953 1161 3012 terram
1182 2945 1320 3031 Robertj
1338 2953 1456 3030 sprunt
1477 2966 1518 3012 ex
1541 2953 1636 3030 parte
1659 2945 1784 3013 boreali
1806 2967 1847 3012 ex
1868 2967 1936 3012 vna

574 3056 607 3114 et
623 3056 748 3115 terram
763 3047 880 3115 thome
895 3049 1080 3135 blyndseile
1092 3059 1239 3136 exparte
1252 3049 1392 3134 australj
1406 3047 1558 3134 partibus
1569 3051 1612 3117 ab
1623 3049 1730 3116 altera
1772 3071 1795 3116 v
1809 3049 1935 3117 solidos

661 3153 749 3220 Item
775 3155 817 3220 de
842 3164 932 3221 terra
956 3153 1119 3221 Iohannis
1146 3155 1261 3222 stokar
1282 3156 1420 3222 Iacente
1445 3153 1480 3220 in
1505 3153 1581 3222 vico
1607 3153 1768 3240 superiori
1793 3155 1934 3222 ecclesie

573 3255 661 3325 inter
675 3267 799 3328 terram
816 3259 879 3328 ade
895 3257 1006 3326 litstcr
1020 3281 1062 3326 ex
1075 3281 1142 3326 vna
1157 3269 1191 3326 et
1207 3269 1331 3326 terram
1350 3257 1512 3326 Iohannis
1528 3261 1655 3328 Catnes
1670 3281 1711 3326 ex
1726 3259 1833 3326 altera

1770 3365 1932 3434 xsolidos

660 3471 747 3538 Item
763 3472 804 3539 de
819 3468 918 3538 terris
933 3467 1084 3538 eiusdem
1101 3469 1265 3538 Iohannis
1285 3470 1401 3538 stokar
1416 3469 1451 3536 in
1466 3470 1501 3556 ly
1515 3489 1617 3555 grene
1633 3477 1727 3538 extra
1742 3479 1879 3556 pontem

800 3627 804 3634 .
1770 3599 1791 3642 x
1807 3576 1932 3644 solidos

659 3681 746 3748 Item
762 3681 804 3748 de
819 3689 909 3750 terra
924 3682 1093 3768 quondam
1116 3679 1249 3767 galfridj
1266 3681 1388 3750 bumat
1410 3677 1445 3746 in
1468 3679 1499 3746 le
1514 3687 1682 3766 gastrawe
1696 3679 1785 3747 inter
1805 3691 1929 3748 terram

572 3783 736 3852 Iohannis
751 3785 889 3872 Robcrtj
906 3807 948 3852 ex
961 3805 1029 3854 vna
1043 3794 1077 3854 et
1092 3795 1217 3854 terram
1234 3783 1397 3853 Iohannis
1411 3806 1494 3871 gray

658 3891 746 3958 Item
761 3893 804 3958 de
818 3899 908 3958 terra
922 3891 1046 3958 andree
1066 3891 1217 3978 balhuny
1231 3911 1334 3978 quarn
1356 3911 1446 3958 nunc
1469 3890 1571 3958 habet
1596 3889 1767 3958 Iohannes
1788 3911 1931 3977 gregory

569 3991 605 4060 ln
620 3992 652 4061 le
666 4014 770 4080 grene
1764 3993 1787 4081 ij
1805 3995 1930 4064 solidos

657 4100 747 4168 Item
775 4100 818 4168 de
846 4108 936 4170 terra
964 4101 1135 4188 quondam
1169 4099 1340 4170 Iohannes
1376 4099 1590 4170 cmkschank
1623 4101 1762 4170 Iacente
1791 4099 1826 4168 in
1855 4099 1930 4170 vico

568 4201 714 4291 interiori
731 4203 874 4274 ecclesie
1741 4201 1787 4289 vij
1804 4203 1930 4272 solidos

656 4313 747 4392 Item,
767 4314 809 4380 de
831 4321 921 4380 terra
943 4313 1114 4399 quondam
1139 4309 1302 4380 Iohannis
1324 4318 1443 4398 sprunt
1467 4311 1605 4412 Iacente
1627 4308 1663 4378 in
1685 4307 1760 4378 vico
1782 4309 1929 4378 inferiori

568 4416 710 4486 ecclesie
732 4415 821 4484 inter
842 4426 968 4486 terram
990 4417 1162 4503 quondam
1187 4415 1321 4486 davidis
1346 4417 1494 4502 gethane
1519 4424 1682 4502 exparte
1707 4413 1863 4486 orientali
1889 4437 1930 4484 ex

567 4541 635 4588 vna
670 4530 705 4590 ct
740 4529 866 4590 terram
904 4523 1075 4608 quondam
1113 4523 1238 4590 andree
1278 4541 1423 4608 cumync
1459 4519 1613 4590 scissoris
1649 4541 1691 4588 ex
1726 4521 1928 4608 occidentali

567 4625 721 4712 partibus
735 4628 778 4694 ab
793 4626 901 4693 altera
