4490 5990
676 679 837 746 Fundatio
858 680 968 766 Iacobs’
989 679 1131 747 Colisom
1526 697 1587 764 125

229 853 391 923 mortales
415 850 703 922 varantizabimus
732 849 1001 938 acquietabimus
1030 861 1064 920 et
1094 851 1587 940 inperpetuum-detendemus

228 959 386 1028 omnibus
411 957 528 1026 fraude
553 967 587 1024 et
613 957 691 1025 dolo
717 957 859 1026 seclusis
887 960 928 1024 In
958 979 1099 1045 quorum
1131 957 1282 1026 omniurn
1313 967 1346 1026 et
1377 957 1587 1044 singulorum

228 1067 330 1135 fidem
352 1074 387 1134 et
408 1063 642 1132 testimonium
666 1063 823 1150 Sigillum
847 1073 999 1132 nostrum
1024 1075 1203 1132 commune
1224 1073 1258 1132 et
1274 1063 1429 1150 'sigillum'
1445 1063 1587 1130 honora·

229 1171 306 1242 bilis
338 1169 401 1240 viri
434 1169 566 1258 patricij
602 1169 706 1256 lesley
737 1169 879 1238 senioris
911 1169 1010 1239 vnius
1043 1169 1125 1238 dicti
1162 1169 1258 1256 burgi
1282 1167 1327 1236 in
1360 1169 1494 1255 signum
1528 1191 1589 1236 sue

230 1275 456 1365 possessionis
481 1285 560 1345 sunt
587 1295 736 1362 appensa
763 1277 853 1363 apud
877 1277 1021 1344 eundem
1046 1275 1208 1344 vicesimo
1231 1273 1286 1344 die
1313 1273 1440 1342 mensis
1464 1273 1589 1360 Aprilis

231 1405 321 1452 anno
335 1381 463 1468 domini
481 1379 661 1449 millesimo
677 1379 948 1467 quingentesimo
963 1379 1198 1449 decimonono
1211 1379 1429 1448 Presentibus
1446 1378 1588 1446 honora·

231 1488 354 1558 bilibus
374 1487 457 1556 viris
480 1486 626 1556 Ricardo
648 1487 760 1554 Waus
782 1488 939 1555 duncano
966 1508 1040 1554 mar
1063 1486 1165 1554 dauid
1187 1495 1277 1554 arrot
1300 1484 1523 1572 burgensibus
1547 1485 1588 1552 de

231 1593 369 1664 abirden
384 1613 572 1663 normanno
588 1592 693 1679 lesley
707 1593 892 1680 sergeando
907 1601 941 1660 et
957 1591 1120 1680 magistro
1135 1590 1237 1660 dauid
1252 1591 1428 1661 nicolsoun
1447 1589 1589 1658 Notario

231 1699 366 1787 publico
381 1721 422 1768 ac
437 1699 547 1768 scriba
562 1697 654 1766 curie

368 1857 444 1926 lieo
458 1867 510 1926 est
525 1880 604 1926 vera
619 1866 653 1925 et
669 1855 859 1926 indubitata
874 1856 972 1945 copia
987 1855 1211 1928 collacionata
1232 1867 1266 1926 et
1290 1857 1483 1928 auscultata
1497 1867 1590 1926 carte

282 2027 307 2072 Ο
335 2050 338 2058 Ι
363 1963 519 2032 ministro
535 1973 652 2032 sancte
667 1961 830 2032 trinitatis
845 1963 1031 2051 capellanis
1046 1975 1080 2032 et
1096 1975 1213 2034 curato
1229 1967 1308 2033 date
1323 1976 1357 2034 et
1373 1987 1533 2034 concesse
1548 1965 1590 2032 de

301 2111 308 2125 ·
363 2079 453 2138 terra
468 2070 637 2155 quondam
660 2065 788 2137 domini
808 2069 972 2137 Iohannis
995 2069 1120 2158 heruey
1135 2069 1170 2136 in
1185 2070 1260 2138 vico
1275 2070 1372 2138 viridi
1388 2073 1430 2140 ad
1445 2069 1589 2139 ieudifir-

275 2071 308 2314 Ξ
364 2195 456 2240 mam
479 2195 538 2260 per
560 2195 614 2240 me
640 2171 841 2260 magistrum
864 2173 1077 2244 Willelmum
1107 2173 1301 2262 philipsoun
1330 2175 1590 2244 auctoritatibus

283 2315 309 2352 e
364 2277 477 2366 papali
504 2288 538 2346 et
565 2277 731 2364 imperiali
757 2278 927 2346 notarium
954 2279 1127 2364 publicum
1153 2290 1187 2346 et
1214 2282 1395 2350 concordat
1422 2303 1500 2350 eum
1527 2303 1590 2348 sua

283 2351 302 2442 Ε
364 2381 519 2468 originali
535 2393 629 2451 carta
644 2385 685 2451 de
700 2385 801 2452 verbo
817 2383 852 2452 in
867 2386 1005 2453 verbum
1029 2386 1118 2470 quod
1141 2395 1286 2452 attestor
1306 2385 1371 2452 hac
1394 2407 1497 2452 manu
1513 2406 1590 2452 mea

283 2467 309 2604 ᾗ,
363 2487 499 2576 propria
528 2497 561 2556 et
591 2488 814 2576 chirographo
845 2489 923 2558 huic
953 2489 1109 2576 apposito
1135 2511 1225 2558 anno
1251 2489 1377 2576 dominj
1410 2489 1590 2556 millesimo

283 2605 301 2668 Β
365 2591 635 2680 quingentesimo
650 2593 811 2662 vicesimo
826 2593 880 2663 die
894 2617 973 2664 vero
989 2594 1117 2664 mensis
1132 2593 1248 2682 aprilis
1262 2593 1423 2664 vicesimo
1439 2593 1556 2680 quinto

625 2699 746 2766 Frater
760 2697 911 2768 ricardus
926 2721 1063 2786 murray
1078 2693 1232 2776 minister
1247 2721 1350 2769 manu
1365 2699 1500 2786 propria

623 2803 725 2872 irater
739 2805 841 2874 dauid
856 2805 950 2874 clark
964 2827 1068 2874 manu
1083 2805 1218 2892 propria

624 2909 727 2976 frater
741 2931 861 2996 symon
876 2931 960 2997 gray
975 2931 1079 2978 manu
1094 2910 1230 3002 propria
1315 2965 1320 2977 .

625 3035 686 3100 pro
701 3015 798 3084 nobis
813 3025 847 3083 et
863 3015 988 3085 nostris
1003 3015 1255 3096 successoribus

843 3311 973 3378 LXIX.

297 3452 459 3520 roano
472 3452 580 3538 racooj
595 3451 738 3520 corsae
752 3459 859 3520 aaran
872 3459 901 3520 a
915 3451 1074 3540 capuano
1088 3399 1177 3520 cura
1191 3449 1310 3518 noma
1324 3450 1362 3518 n
1375 3449 1535 3516 aaran
1617 3471 1661 3522 a.
1674 3469 1722 3524 51¹

822 3578 907 3624 anno
924 3574 1008 3644 1519
1628 3579 1634 3592 ¹

332 3696 521 3766 MNIBUS
551 3697 641 3766 banc
667 3699 806 3768 Cartarn
836 3697 959 3766 visuris
984 3698 1039 3766 vel
1064 3695 1230 3766 audituris
1261 3696 1406 3765 lacobus
1431 3693 1593 3763 Colisoun

374 3799 550 3887 burgensis
565 3803 607 3870 de
622 3801 780 3873 abirdene
796 3803 960 3871 Etemam
976 3801 1012 3870 in
1028 3801 1165 3872 domino
1185 3799 1331 3868 salutern
1347 3797 1461 3866 animo
1476 3799 1594 3865 aduer-

239 3917 313 3976 tato
327 3915 362 3975 ct
377 3905 589 3975 considerato
604 3907 822 3995 exiguitatem
834 3907 997 3995 temporis
1006 3907 1173 3995 presentis
1185 3905 1288 3974 seculi
1301 3902 1593 3991 longanimitatem

240 4009 343 4080 futuri
373 4011 546 4079 letabundi
576 4012 710 4098 quidem
741 4012 808 4080 hiis
833 4013 889 4100 quj
918 4014 1006 4081 bona
1032 4011 1067 4080 in
1092 4013 1164 4079 vita
1190 4033 1251 4080 sua
1278 4017 1418 4096 egerunt
1443 4017 1477 4075 et
1504 4005 1594 4093 pleni

241 4115 412 4186 anxietate
437 4126 471 4184 et
500 4115 645 4185 tristicia
673 4119 993 4187 contrafacientibus
1022 4117 1262 4206 perpetualiter
1290 4113 1441 4184 duraturi
1466 4112 1595 4180 Volens

243 4221 352 4308 Igitur
365 4219 455 4288 diem
470 4221 610 4307 extremj
629 4221 748 4310 ludicij
765 4221 922 4310 operibus
942 4223 1168 4292 misericordie
1183 4219 1357 4308 preuenire
1372 4228 1410 4286 ut
1426 4217 1595 4286 seminata

241 4325 275 4393 in
302 4325 400 4394 terris
425 4325 604 4413 multiplici
630 4327 741 4396 fructu
765 4329 972 4417 collegamus
998 4329 1033 4396 in
1060 4329 1141 4396 celis
1167 4329 1265 4394 Vnde
1291 4323 1454 4393 noueritis
1480 4343 1534 4389 me
1560 4322 1595 4388 in

241 4431 403 4500 honorem
418 4431 472 4500 dei
487 4431 730 4519 omnipotentis
745 4432 937 4504 intimerate
953 4434 1103 4502 eiusdem
1118 4431 1298 4521 genetricis
1310 4429 1414 4498 marie
1430 4429 1596 4497 omnium·

242 4557 307 4624 que
321 4536 497 4605 celestium
513 4537 639 4606 ciuium
654 4559 715 4624 pro
730 4539 840 4607 salute
855 4541 967 4609 anime
986 4561 1060 4608 mee
1074 4559 1214 4608 virorum
1229 4539 1370 4606 fratrum
1386 4533 1596 4622 proliumque

244 4651 421 4728 parentum
438 4643 689 4712 benefactorum
713 4665 865 4712 meorum
874 4645 1143 4742 'animarumque
1159 4663 1274 4710 eorum
1298 4663 1318 4708 a
1341 4639 1463 4726 quibus
1485 4639 1597 4723 aliqua
