4472 5992
623 679 663 730 12
949 659 992 728 ln
1013 660 1125 728 honore
1147 658 1347 728 Sanctissime
1369 658 1486 726 Matris
1508 657 1646 726 Ecctato

621 846 698 903 ston
719 837 760 904 de
776 835 927 904 calentar
945 835 1096 902 Iohanne
1112 837 1153 903 de
1168 835 1317 902 cokbum
1333 845 1366 900 et
1382 833 1556 901 Willelmo
1575 833 1616 899 de
1634 841 1793 900 cranston
1817 832 1981 900 militibus

621 943 711 1026 apud
728 941 926 1027 Edinburgh
942 942 1090 1008 secundo
1106 940 1159 1008 die
1175 940 1290 1026 aprilis
1306 959 1396 1007 anno
1411 937 1504 1022 regni
1520 937 1626 1004 nostri
1643 936 1760 1022 quinto

1274 1237 1336 1304 IX.

710 1363 796 1446 [I]N
838 1343 964 1428 honore
1001 1357 1221 1428 veneracione
1267 1357 1491 1428 adornacione
1532 1368 1566 1425 et
1604 1356 1836 1444 Reparacione
1878 1360 1981 1426 Sanc-

622 1464 754 1534 tissime
797 1464 917 1535 matris
960 1474 1075 1532 nostre
1116 1461 1301 1548 spiritualis
1341 1463 1483 1530 ecclesie
1523 1483 1564 1529 ex
1604 1461 1701 1529 cuius
1741 1461 1869 1549 gremio
1910 1461 1981 1530 nati

621 1570 748 1639 luimus
770 1573 813 1639 ad
831 1569 937 1638 vitam
955 1579 989 1637 et
1009 1567 1239 1638 saluacionem
1260 1577 1408 1636 testante
1427 1565 1565 1636 domino
1582 1566 1617 1633 in
1637 1568 1826 1653 Euangelio
1849 1567 1982 1636 dicente

490 1741 503 1752 ,
623 1676 835 1744 Nichodemo
855 1675 988 1744 dicente
1013 1677 1155 1760 Oportet
1171 1696 1231 1741 vos
1247 1673 1341 1741 nasci
1362 1675 1473 1741 denuo
1493 1671 1558 1740 nisi
1580 1671 1655 1758 quis
1674 1683 1814 1740 renatus
1828 1671 1927 1740 luerit
1943 1695 1984 1740 ex

623 1801 712 1865 aqua
731 1791 765 1848 et
784 1779 904 1866 spiritu
923 1789 1041 1852 sancto
1065 1801 1132 1846 non
1156 1788 1268 1866 potest
1283 1777 1395 1846 videre
1413 1799 1554 1864 regnum
1573 1777 1626 1845 dei
1647 1779 1750 1846 homo
1771 1789 1925 1846 terrenus
1940 1778 1984 1846 sit

623 1885 759 1952 celestis
775 1907 834 1972 per
848 1907 971 1971 aquam
988 1885 1147 1970 baptismi
1164 1893 1197 1952 ct
1213 1885 1257 1952 sit
1273 1884 1437 1952 transitus
1452 1885 1494 1951 de
1509 1893 1650 1970 peccato
1662 1883 1820 1952 advitam
1832 1887 1874 1952 de
1886 1885 1985 1970 culpa

624 1992 667 2058 ad
678 1991 828 2077 graciam
844 1994 886 2059 de
902 1989 1157 2077 inquinamento
1173 1993 1215 2057 ad
1232 1989 1541 2058 sanetificacionem
1555 1991 1601 2056 Et
1614 1989 1670 2074 qui
1683 2011 1742 2074 per
1757 1989 1845 2057 hanc
1861 2011 1984 2074 aquam

625 2096 747 2164 transit
763 2117 830 2164 non
852 2096 993 2164 moritur
1013 2097 1072 2164 sed
1091 2106 1244 2181 resurgat
1266 2097 1344 2163 Due
1359 2105 1438 2163 sunt
1454 2094 1653 2164 natiuitates
1671 2115 1738 2162 vna
1753 2096 1795 2162 de
1810 2105 1899 2162 terra
1920 2095 1987 2163 alia

626 2205 667 2270 de
685 2201 758 2270 celo
773 2211 888 2270 tamen
909 2201 1140 2270 Nichodemus
1158 2223 1225 2269 non
1244 2212 1384 2269 nouerat
1403 2199 1468 2268 nisi
1487 2219 1589 2268 vnam
1610 2199 1825 2268 natiuitatem
1842 2202 1883 2268 de
1898 2209 1988 2268 terra

626 2329 667 2374 ex
682 2309 792 2376 Adam
815 2315 848 2375 et
871 2329 935 2376 eua
958 2307 1139 2376 carnaliter
1155 2329 1196 2374 ex
1214 2309 1277 2375 deo
1295 2317 1328 2374 et
1347 2305 1491 2374 ecclesia
1513 2307 1663 2374 nondum
1687 2317 1827 2374 nouerat
1850 2309 1892 2374 de
1915 2307 1987 2374 celo

627 2413 848 2500 spiritualiter
863 2415 942 2482 Non
957 2423 1098 2482 nouerat
1114 2413 1180 2482 nisi
1196 2435 1254 2482 eos
1269 2423 1428 2500 parentes
1443 2411 1498 2498 qui
1515 2412 1609 2480 duxit
1622 2415 1664 2480 ad
1677 2422 1820 2480 mortem
1837 2414 1986 2480 nondum

626 2529 767 2588 nouerat
793 2539 853 2586 eos
879 2531 1036 2605 parentes
1060 2517 1117 2604 qui
1141 2528 1294 2606 gererent
1319 2521 1362 2587 ad
1386 2518 1492 2586 vitam
1518 2517 1750 2585 Nichodemus
1776 2517 1986 2604 intelligebat

626 2645 728 2692 vnam
758 2622 975 2692 natiuit'atem
1001 2625 1043 2690 de
1069 2632 1159 2690 terra
1188 2623 1275 2691 idest
1305 2643 1384 2691 caro
1408 2625 1449 2690 de
1476 2643 1576 2690 carne
1607 2625 1791 2690 secundum
1823 2625 1922 2690 adam
1953 2633 1987 2690 et

626 2749 726 2796 cuam
757 2727 938 2797 carnaliter
967 2731 1159 2812 Secundam
1185 2739 1299 2796 autem
1325 2727 1540 2796 natiuitatem
1568 2731 1609 2795 de
1633 2729 1706 2795 celo
1728 2749 1798 2795 non
1822 2727 1988 2794 intellexit

627 2832 715 2902 idest
738 2831 876 2920 spiritus
898 2835 939 2901 de
963 2831 1084 2920 spiritu
1110 2835 1294 2902 secundum
1323 2833 1487 2900 christum
1510 2843 1544 2900 et
1566 2833 1746 2900 ecclesiam
1769 2831 1990 2918 spiritualiter

523 2955 526 2964 ’
627 2939 812 3026 Apostolus
834 2937 916 3008 dicit
943 2939 1072 3026 primus
1095 2941 1197 3007 homo
1220 2943 1263 3007 de
1283 2949 1372 3007 terra
1398 2951 1551 3008 terrenus
1578 2939 1665 3007 idest
1692 2942 1792 3007 adam
1820 2941 1989 3006 secundus

628 3045 731 3112 homo
755 3047 797 3113 de
821 3045 893 3112 celo
923 3045 1059 3113 celestis
1085 3043 1172 3113 idest
1198 3044 1346 3112 christus
1373 3046 1426 3112 Ex
1453 3047 1553 3112 adam
1580 3065 1644 3112 eua
1668 3065 1709 3112 ex
1731 3043 1859 3112 christo
1882 3043 1989 3148 creuit

628 3151 772 3220 ecclesia
794 3153 904 3220 Adam
929 3150 1084 3237 peccauit
1107 3151 1254 3220 christus
1279 3173 1356 3219 eum
1382 3151 1528 3218 saluauit
1552 3151 1681 3237 primus
1704 3152 1806 3218 homo
1832 3159 1991 3236 peccator

628 3257 797 3326 secundus
827 3257 929 3326 homo
956 3259 1107 3326 saluatur
1134 3257 1290 3326 Ecclesia
1316 3267 1436 3326 sancta
1463 3269 1514 3324 est
1542 3267 1651 3325 mater
1675 3257 1827 3326 omnium
1854 3259 1990 3324 creden-

628 3361 719 3431 cium
742 3383 806 3449 que
830 3377 930 3432 natos
956 3363 1137 3432 carnaliter
1159 3367 1201 3432 ad
1225 3373 1368 3432 mortem
1393 3374 1427 3431 et
1451 3364 1732 3450 dampnacionem
1759 3365 1990 3449 Regeneratos

629 3469 850 3556 spiritualiter
873 3473 916 3538 ad
935 3469 1042 3537 vitam
1070 3471 1221 3556 perducit
1248 3481 1281 3538 et
1309 3470 1539 3538 saluacionem
1564 3473 1691 3538 Sancta
1716 3479 1825 3537 mater
1846 3469 1990 3537 ecclesia

630 3574 664 3642 in
680 3574 789 3662 primo
807 3576 944 3644 homine
965 3577 1169 3662 prefigurata
1185 3587 1236 3644 est
1253 3597 1332 3645 nam
1348 3597 1389 3644 ex
1405 3578 1510 3645 latere
1524 3579 1596 3644 Ade
1615 3574 1814 3645 dormientis
1827 3573 1991 3644 fabricata

628 3677 692 3746 fuit
714 3699 779 3746 eua
801 3701 927 3764 sponsa
952 3679 1099 3748 carnalis
1126 3682 1189 3749 ade
1215 3692 1324 3750 mater
1349 3702 1512 3767 penarum
1536 3691 1569 3748 et
1592 3679 1848 3768 dampnacionis
1873 3683 1928 3748 Ita
1950 3701 1991 3746 ex

630 3784 735 3851 latere
750 3783 868 3852 christi
884 3795 917 3852 et
933 3787 1070 3852 vulnere
1090 3787 1269 3873 pendentis
1284 3787 1318 3855 in
1335 3809 1433 3856 cruce
1449 3788 1555 3857 creuit
1572 3787 1716 3856 ecclesia
1731 3796 1851 3855 sancta
1866 3809 1992 3873 sponsa

631 3886 816 3974 spiritualis
849 3889 967 3956 christi
1002 3899 1112 3958 mater
1145 3891 1372 3961 misericordie
1400 3903 1433 3960 et
1454 3887 1666 3960 'saluacionis
1701 3893 1810 3959 Latus
1843 3889 1992 3958 hominis

630 3991 828 4059 dormientis
853 3995 983 4079 aperuit
1006 3997 1099 4086 deus¹
1115 4017 1177 4064 nec
1205 4017 1282 4064 eum
1307 4007 1422 4065 tamen
1446 4021 1466 4066 a
1489 3997 1603 4084 quieto
1627 4019 1746 4083 sopore
1772 3995 1933 4064 excitauit
1957 3995 1991 4064 in

629 4117 696 4180 quo
718 4094 826 4163 eciam
850 4119 950 4184 opere
973 4110 1223 4168 sacramentum
1247 4101 1365 4168 christi
1392 4113 1425 4169 et
1452 4103 1593 4170 ecclesie
1622 4103 1804 4188 figuratum
1828 4111 1879 4168 est
1903 4101 1992 4189 Quia

631 4199 718 4268 sicut
743 4199 863 4269 mulier
885 4201 1007 4272 coniux
1025 4207 1098 4272 Ade
1120 4229 1161 4274 ex
1184 4207 1288 4274 latere
1306 4207 1368 4274 viri
1388 4208 1534 4276 formata
1556 4217 1608 4275 est
1631 4209 1685 4276 Ita
1707 4217 1827 4275 sancta
1849 4207 1993 4276 ecclesia

631 4313 740 4372 mater
756 4307 849 4374 'alma
868 4307 989 4376 coniux
1009 4311 1127 4378 christi
1146 4335 1188 4379 ex
1206 4313 1429 4382 sacramentis
1447 4335 1511 4400 que
1527 4315 1569 4381 de
1584 4314 1722 4380 uulnere
1741 4311 1857 4380 lateris
1875 4311 1993 4379 christi

632 4409 666 4476 in
689 4433 788 4479 cruce
808 4413 1007 4483 dormientis
1029 4418 1257 4502 perfluxerunt
1280 4420 1420 4506 sanguis
1442 4429 1476 4487 et
1499 4441 1587 4506 aqua
1609 4419 1730 4504 quibus
1754 4415 1951 4486 redimimur
1973 4439 1994 4485 a

630 4515 728 4600 penis
748 4527 781 4584 et
802 4518 972 4587 abluimur
989 4543 1009 4588 a
1028 4521 1137 4608 culpis
1159 4523 1272 4591 Prima
1296 4525 1459 4593 natiuitas
1482 4523 1662 4593 carnaliter
1684 4521 1840 4610 produxit
1865 4543 1928 4590 nos
1951 4524 1993 4590 ad

632 4633 775 4688 mortem
792 4625 949 4693 Secunda
961 4625 1125 4695 natiuitas
1140 4639 1277 4697 reuocat
1290 4651 1352 4698 nos
1369 4629 1588 4716 spiritualiter
1600 4629 1759 4698 advitam
1774 4629 1838 4696 Per
1849 4627 1992 4714 primam
