4472 5992
579 725 771 791 &manento
794 725 884 790 uaria
908 725 1044 792 Ecclesia
1066 725 1177 792 Sancti
1198 727 1350 794 Nicholai
1612 745 1651 813 15

290 897 334 964 ab
356 895 459 964 inicio
480 896 605 966 fabrice
627 897 716 965 dicte
739 896 943 983 parochialis
964 897 1105 966 ecclesie
1125 921 1227 984 quam
1255 903 1425 986 quondam
1451 902 1653 990 Radulphus

287 1001 388 1068 voket
404 1003 580 1087 burgensis
595 1001 677 1072 dicti
695 1002 791 1090 burgi
810 1003 987 1072 renouauit
1003 1003 1038 1070 in
1053 1004 1185 1090 pictura
1202 1005 1298 1074 cuius
1318 1006 1431 1074 anime
1449 1007 1653 1095 propicietur

292 1108 376 1174 deus

377 1319 434 1402 [A]
444 1339 512 1386 nno
530 1319 657 1386 domini
680 1319 863 1388 Millesimo
883 1320 1141 1407 quadragesimo
1161 1321 1270 1408 primo
1285 1322 1485 1392 Willermus
1503 1323 1544 1392 de
1561 1326 1652 1394 Stra·
1675 1333 1719 1384 lot.
1732 1336 1763 1386 ⁵¹

290 1425 373 1494 brolr
388 1423 469 1494 dicti
485 1425 581 1512 burgi
597 1427 773 1512 burgensis
792 1427 947 1495 fundauit
971 1428 1076 1495 altare
1100 1449 1200 1514 super
1222 1429 1439 1516 columpnam
1462 1429 1651 1498 inferiorem
1676 1433 1798 1486 sonoros

291 1527 398 1614 partis
416 1529 561 1598 borealis
580 1529 679 1598 nauis
699 1530 903 1616 parochialis
923 1530 1065 1600 ecclesie
1085 1531 1167 1598 dicti
1186 1531 1283 1618 burgi
1303 1553 1403 1620 super
1421 1555 1523 1618 quam
1543 1533 1651 1603 eciam

290 1633 378 1720 lapis
389 1633 517 1702 scissus
529 1657 589 1722 pro
604 1635 866 1704 conseruacione
881 1657 967 1722 aque
983 1645 1100 1704 sancte
1116 1636 1335 1706 constituitur
1348 1639 1388 1704 ln
1401 1637 1528 1706 honore
1543 1638 1652 1706 sancti

291 1738 406 1808 Iacobi
431 1739 576 1826 apostoli
599 1743 688 1826 quod
710 1741 845 1826 quidem
872 1741 980 1808 altare
1001 1741 1135 1809 ornauit
1158 1743 1199 1810 de
1222 1741 1381 1828 ymagine
1404 1741 1513 1810 sancti
1537 1743 1651 1812 lacobi

291 1841 415 1912 ibidem
446 1844 573 1912 situata
601 1844 815 1912 vestimentis
845 1845 952 1914 sacris
981 1845 1248 1914 sacerdotalibus
1277 1849 1318 1914 de
1348 1845 1454 1916 calice
1490 1849 1652 1916 deaurato

291 1947 456 2042 breuiario
487 1948 616 2018 missali
651 1959 685 2018 et
718 1950 795 2038 alijs
827 1951 1028 2040 utensilibus
1062 1951 1342 2021 conuenientibus
1375 1956 1418 2020 ad
1454 1951 1570 2022 diuina
1605 1955 1651 2022 Et
1707 1985 1710 1990 ⁴

291 2053 444 2139 sepultus
466 2063 519 2122 est
541 2064 621 2124 ante
643 2054 732 2124 Mem
756 2056 862 2126 altare
888 2057 994 2126 Cuius
1017 2055 1167 2126 animam
1190 2057 1351 2152 perducat
1374 2058 1459 2126 deus
1480 2059 1523 2126 ad
1545 2056 1651 2126 vitam

291 2165 325 2224 et
348 2157 489 2242 gloriam
506 2158 747 2246 sempiternam

377 2365 435 2450 [A]
444 2387 512 2434 nno
528 2367 656 2436 domini
673 2367 855 2436 Millesimo
870 2367 1101 2438 tricentesimo
1116 2367 1375 2456 quadragesimo
1391 2371 1540 2438 secundo
1553 2391 1652 2438 vene·
1675 2383 1806 2449 lungome

230 2515 232 2518 -
292 2470 408 2538 rabilis
430 2471 481 2540 vir
506 2471 664 2540 dominus
691 2474 862 2540 Iohannes
887 2477 928 2542 de
955 2475 1126 2562 kyngome
1152 2475 1282 2561 primus
1305 2473 1482 2542 institutus
1504 2475 1567 2544 suit
1593 2497 1653 2562 per

294 2579 530 2647 Reuerendum
551 2579 586 2646 in
609 2580 746 2649 Christo
769 2591 899 2668 patrem
915 2591 949 2648 et
965 2581 1139 2649 dominum
1163 2581 1337 2649 dominum
1360 2581 1588 2649 Alexandrum
1611 2583 1652 2649 de

291 2683 576 2769 kynnynmounde
593 2685 801 2772 Episcopum
812 2688 1085 2754 Aberdonensem
1101 2685 1136 2752 in
1151 2685 1277 2754 vicaria
1292 2685 1432 2754 ecclesie
1447 2684 1652 2772 parochialis

280 2789 331 2860 de
346 2789 521 2858 Aberdene
537 2793 584 2858 Et
600 2790 734 2858 ornauit
757 2791 863 2858 altare
882 2789 973 2858 beati
992 2790 1150 2858 Nicholai
1165 2792 1207 2858 de
1221 2791 1425 2858 vestimento
1448 2789 1649 2858 sacerdotali

290 2897 331 2962 de
354 2895 460 2963 serico
482 2896 586 2983 varijs
609 2897 776 2966 coloribus
799 2897 927 2964 intexto
952 2907 986 2964 et
1010 2919 1119 2984 cappa
1140 2895 1212 2964 auri
1235 2903 1329 2964 texta
1353 2899 1400 2964 Et
1422 2897 1576 2984 sepultus
1597 2905 1649 2964 est

290 3000 324 3066 in
340 3001 443 3069 choro
458 3001 564 3072 Cuius
580 3003 729 3070 animam
745 3005 906 3090 perducat
923 3003 1007 3070 deus
1022 3004 1065 3072 ad
1081 3011 1232 3072 eternam
1249 3001 1390 3088 gloriam

377 3209 434 3294 [A]
443 3231 511 3278 nno
544 3209 671 3280 domini
705 3210 889 3278 Millesimo
921 3208 1152 3278 tricentesimo
1184 3207 1464 3296 quinquagesimo
1497 3207 1650 3279 Thomas
1672 3221 1770 3274 uam

290 3335 435 3384 mersere
465 3316 641 3402 burgensis
666 3316 748 3386 dicti
774 3315 870 3403 burgi
897 3316 1031 3384 ornauit
1057 3315 1163 3384 altare
1193 3313 1303 3384 sancti
1334 3311 1492 3404 Nicholai
1518 3315 1560 3382 de
1583 3333 1650 3382 vno

289 3423 508 3490 tabernaculo
538 3421 707 3508 passionis
735 3421 853 3492 christi
884 3421 973 3490 inter
998 3419 1176 3507 ymagines
1201 3429 1236 3486 ct
1262 3418 1368 3486 altare
1395 3416 1522 3484 situato
1548 3417 1649 3484 attin·

290 3547 375 3612 gens
396 3549 417 3596 a
439 3528 506 3596 fine
530 3527 648 3596 altaris
672 3549 777 3614 usque
801 3529 843 3596 ad
866 3527 968 3594 linem
995 3528 1041 3594 Et
1068 3524 1221 3611 sepultus
1246 3532 1298 3592 est
1325 3531 1404 3590 ante
1430 3520 1519 3590 idem
1544 3521 1650 3588 altare

290 3630 397 3700 Cuius
435 3631 585 3700 animam
626 3633 787 3718 perducat
824 3633 907 3700 deus
944 3633 986 3700 ad
1024 3628 1170 3717 patriam
1210 3625 1434 3696 exultacionis
1474 3625 1546 3694 sine
1583 3626 1649 3693 fine

289 3755 389 3804 amen

375 3949 510 4034 [A]nno
525 3948 653 4018 domini
670 3949 852 4018 Millesimo
868 3945 1099 4016 tricentesimo
1115 3942 1394 4032 quinquagesimo
1412 3940 1521 4027 primo
1543 3939 1647 4008 hono·
1670 3949 1754 4016 leyen

289 4055 405 4124 rabilis
420 4056 471 4122 vir
485 4056 684 4125 Willermus
700 4057 740 4124 de
757 4056 839 4122 leith
855 4054 988 4121 ornauit
1009 4051 1188 4120 ecclesiam
1207 4048 1435 4136 parochialem
1454 4045 1536 4114 dicti
1551 4045 1647 4130 burgi

290 4162 332 4228 de
360 4163 491 4230 duabus
517 4161 651 4248 magnis
677 4161 853 4246 campanis
878 4159 994 4245 magni
1020 4157 1122 4244 precij
1150 4157 1185 4222 in
1212 4151 1394 4239 campanili
1423 4149 1648 4238 pendentibus

290 4285 413 4332 nomen
444 4265 582 4332 maioris
612 4287 777 4350 campane
809 4263 1019 4332 Laurencius
1044 4272 1078 4328 et
1105 4259 1245 4328 minoris
1270 4257 1380 4324 Maria
1407 4255 1478 4322 suis
1503 4253 1648 4340 proprijs

291 4370 483 4456 sumptibus
500 4381 533 4439 et
551 4369 709 4457 expensis
731 4368 837 4438 Cuius
860 4369 980 4438 merito
998 4365 1148 4436 animam
1167 4365 1328 4450 perducat
1346 4363 1429 4428 deus
1444 4361 1487 4426 ad
1505 4355 1647 4443 gloriam

377 4581 435 4664 [A]
443 4601 511 4648 nno
545 4579 674 4648 domini
710 4577 893 4648 Millesimo
927 4575 1158 4646 tricentesimo
1187 4569 1466 4659 quinquagesimo
1500 4567 1648 4634 secundo
1670 4577 1754 4644 Leyth
1852 4549 1864 4560 ’

290 4683 401 4754 dictus
424 4685 623 4757 willermus
642 4687 683 4759 de
701 4683 784 4760 leith
809 4683 985 4774 burgensis
1008 4681 1090 4752 dicti
1118 4678 1213 4765 burgi
1241 4676 1374 4745 ornauit
1393 4675 1519 4743 dictam
1543 4670 1647 4738 eccle·
