4472 5992
598 639 628 718 6¹
902 639 1155 708 tetrametrum*
1168 638 1294 708 Sas‘ss‘m
1318 639 1486 706 Terrarum
1508 639 1545 706 ds
1568 639 1658 708 crois

599 813 758 882 baculum
789 835 829 882 ac
856 835 936 882 suos
964 822 1198 900 procuratores
1228 815 1270 880 ad
1301 813 1365 880 hoc
1395 812 1560 899 legittime
1591 811 1795 882 constitutos
1826 835 1960 882 sursum

599 918 742 986 reddidit
766 939 915 1005 pureque
937 918 1136 1004 simpliciter
1156 917 1342 1003 resignauit
1357 919 1407 984 Ac
1429 926 1539 985 totum
1565 919 1623 984 Ius
1646 927 1679 986 et
1702 919 1870 986 clameum
1894 941 1960 1004 que

599 1023 634 1090 in
661 1023 761 1092 dictis
786 1025 885 1091 terris
910 1045 987 1092 curn
1018 1023 1234 1110 pertinenciis
1260 1023 1378 1091 habuit
1406 1045 1465 1090 seu
1491 1023 1615 1090 habere
1641 1021 1751 1110 potuit
1777 1045 1838 1110 pro
1864 1046 1900 1091 se
1926 1032 1960 1091 ct

573 1141 575 1143 ’
599 1126 778 1196 heredibus
809 1127 879 1195 suis
908 1127 1046 1196 omnino
1076 1127 1222 1214 quittum
1253 1126 1414 1196 clamavit
1445 1129 1699 1214 Imperpetuum
1722 1127 1904 1196 Tenendas
1926 1137 1960 1196 et

591 1232 773 1300 <habendas
802 1232 912 1299 dictas
941 1241 1048 1300 terras
1073 1234 1115 1298 de
1140 1233 1281 1318 Crwuys
1310 1253 1387 1299 cum
1417 1231 1630 1318 pertinentiis
1659 1231 1760 1300 dictis
1789 1233 1960 1319 preposito
2000 1267 2002 1272 ·

599 1337 734 1406 balliuis
759 1339 955 1408 consulibus
977 1347 1011 1405 et
1034 1337 1271 1405 communitati
1298 1336 1393 1424 burgi
1416 1340 1458 1404 de
1480 1339 1656 1406 Aberdene
1681 1347 1715 1405 et
1742 1359 1857 1406 eorum
1885 1360 1959 1406 suc·

597 1442 788 1512 sessoribus
801 1442 980 1530 prepositis
997 1443 1192 1511 consulibus
1206 1451 1240 1510 et
1256 1442 1493 1510 communitati
1508 1443 1659 1511 eiusdem
1675 1443 1771 1530 burgi
1787 1443 1959 1530 perpetuis

595 1547 718 1616 futuris
738 1549 947 1634 temporibus
964 1550 1006 1617 dc
1024 1549 1122 1617 nobis
1142 1549 1321 1617 heredibus
1340 1557 1373 1616 et
1391 1547 1644 1617 successoribus
1663 1547 1789 1616 nostris
1807 1547 1842 1616 in
1860 1548 1959 1618 feodo

594 1661 628 1720 et
655 1653 843 1722 hereditate
866 1653 1114 1740 imperpetuum
1141 1673 1201 1739 per
1224 1673 1343 1720 omnes
1368 1663 1480 1722 rectas
1504 1663 1614 1722 metas
1637 1675 1718 1722 suas
1742 1653 1901 1740 antiquas
1924 1663 1958 1722 et

593 1756 722 1826 diuisas
736 1769 835 1846 prout
851 1757 963 1828 iacent
978 1759 1012 1826 in
1028 1759 1238 1846 longitudine
1253 1767 1286 1828 et
1302 1759 1481 1828 latitudine
1497 1762 1585 1829 Cum
1600 1759 1757 1830 omnibus
1769 1769 1803 1828 et
1815 1759 1958 1848 singulis

593 1860 805 1932 libertatibus
824 1861 1122 1932 commoditatibus
1141 1873 1175 1931 et
1191 1862 1390 1932 asiamentis
1407 1885 1448 1932 ac
1467 1865 1572 1932 Iustis
1592 1864 1804 1951 pertinentiis
1821 1865 1956 1951 quibus·

593 1989 726 2054 cunque
756 1979 829 2037 tarn
860 1989 927 2036 non
957 1967 1142 2037 nominatis
1174 1991 1277 2056 quam
1310 1969 1495 2038 nominatis
1523 1971 1566 2038 ad
1596 1971 1705 2039 dictas
1736 1980 1846 2039 terras
1877 1991 1956 2039 cum

592 2075 804 2160 pertinentiis
830 2075 1062 2161 spectantibus
1089 2097 1148 2142 seu
1174 2075 1396 2162 quouismodo
1424 2077 1517 2143 Iuste
1539 2087 1693 2162 spectare
1710 2076 1901 2146 valentibus
1921 2073 1956 2142 in

592 2179 742 2248 futurum
768 2181 814 2247 Et
839 2181 924 2248 adeo
949 2180 1051 2248 libere
1078 2179 1190 2266 quiete
1216 2179 1365 2268 plenarie
1389 2179 1518 2267 integre
1545 2181 1727 2249 honorifice
1751 2183 1835 2250 bene
1861 2191 1895 2248 et
1921 2179 1956 2248 iu

592 2305 676 2372 pace
696 2286 731 2353 in
752 2285 909 2355 omnibus
926 2297 960 2354 et
978 2308 1038 2374 per
1054 2287 1168 2355 omnia
1190 2287 1277 2356 sicut
1297 2287 1409 2355 dictus
1432 2287 1603 2355 Iohannes
1623 2297 1683 2356 aut
1704 2289 1957 2374 predecessores

593 2391 645 2460 sui
660 2391 829 2478 predictas
842 2401 952 2460 terras
966 2415 1044 2460 cum
1060 2392 1272 2480 pertinentiis
1284 2395 1325 2461 de
1337 2393 1434 2461 nobis
1449 2403 1509 2461 aut
1525 2393 1816 2480 predecessoribus
1830 2389 1956 2460 nostris

592 2505 673 2564 ante
688 2495 813 2564 dictam
828 2497 1091 2584 resignationem
1106 2497 1204 2566 nobis
1223 2496 1301 2566 inde
1312 2497 1438 2566 iactam
1454 2497 1591 2566 liberius
1605 2498 1715 2566 tenuit
1731 2519 1791 2565 seu
1806 2493 1955 2584 possedit

592 2611 772 2670 tenuerunt
803 2623 862 2670 seu
892 2603 1112 2688 possederunt
1144 2601 1340 2670 Reservatis
1369 2601 1466 2670 nobis
1489 2612 1523 2670 et
1550 2601 1801 2672 successoribus
1830 2599 1955 2668 nostris

593 2707 745 2776 seruiciis
778 2708 935 2778 oneribus
963 2709 1166 2777 utilitatibus
1198 2718 1232 2776 et
1265 2707 1504 2776 emolumentis
1537 2711 1579 2776 de
1611 2707 1711 2776 dictis
1743 2705 1843 2775 terris
1874 2715 1955 2774 ante

592 2813 720 2884 dictam
752 2815 1013 2902 resignationem
1045 2815 1167 2884 debitis
1189 2825 1222 2883 et
1245 2813 1417 2883 consuetis
1440 2817 1480 2882 In
1505 2813 1603 2882 cuius
1629 2812 1692 2882 Rei
1718 2809 1954 2880 testimonium

593 2919 741 3006 presenti
768 2931 860 2989 carte
889 2931 1003 2989 nostre
1032 2943 1194 3007 magnum
1225 2920 1373 3007 sigillum
1403 2930 1556 2988 nostrum
1587 2917 1711 3005 apponi
1741 2915 1955 3004 precepimus

592 3023 755 3094 'restibus
780 3027 989 3095 Reuerendis
1010 3025 1044 3093 in
1068 3026 1205 3095 Christo
1228 3027 1380 3113 patribus
1403 3025 1538 3093 Andrea
1561 3023 1733 3110 Episcopo
1759 3019 1954 3110 glasguensi

593 3127 712 3196 thoma
747 3130 906 3218 episcopo
941 3129 1161 3200 aberdonensi
1196 3129 1329 3198 dilectis
1363 3127 1624 3216 consanguineis
1660 3127 1786 3195 nostris
1818 3127 1954 3194 Andrea

593 3231 731 3301 domino
761 3235 927 3304 avandale
957 3235 1159 3303 cancellario
1188 3245 1304 3302 nostro
1330 3234 1441 3302 colino
1467 3232 1592 3300 comite
1615 3234 1657 3300 de
1682 3231 1785 3318 ergile
1815 3229 1954 3298 domino

593 3337 724 3406 cambel
758 3339 921 3426 magistro
954 3339 1096 3427 hospicii
1131 3340 1238 3407 nostri
1267 3339 1410 3426 gilberto
1444 3337 1581 3406 domino
1614 3337 1769 3421 kennedy
1800 3334 1952 3402 Iohanne

592 3441 730 3511 domino
749 3445 864 3512 demle
885 3447 1066 3514 alexandro
1091 3443 1188 3513 boide
1209 3447 1250 3512 de
1270 3445 1435 3514 drumcoll
1460 3445 1613 3512 Iohanne
1633 3445 1674 3511 de
1694 3441 1886 3528 culquhone
1911 3441 1953 3508 de

590 3531 927 3618 eodem'nostrorum
958 3559 1190 3635 compotorum
1222 3549 1422 3616 Rotulatore
1452 3547 1617 3615 militibus
1646 3545 1820 3633 magistris
1849 3543 1951 3613 dauid

501 3661 505 3686 ¹
590 3651 632 3716 de
657 3652 780 3737 guthre
805 3653 846 3721 de
873 3653 1083 3722 kincaldrum
1109 3651 1320 3722 thesaurario
1342 3664 1458 3721 nostro
1484 3657 1518 3720 'et
1541 3651 1745 3720 Archibaldo
1768 3651 1951 3738 quhitelaw

589 3755 828 3827 archidiacono
858 3759 1061 3828 morauiensi
1092 3759 1281 3828 Secretario
1310 3769 1426 3828 nostro
1457 3760 1547 3845 apud
1577 3755 1759 3826 Striueline
1789 3755 1951 3824 vicesimo

589 3875 685 3932 sexto
710 3863 764 3932 die
791 3865 918 3933 mensis
950 3865 1107 3936 Octobris
1134 3887 1223 3934 anno
1248 3865 1376 3934 domini
1402 3863 1584 3934 millesimo
1617 3861 1950 3952 quadringentesimo

589 3967 799 4054 sexagesimo
821 3969 939 4055 quinto
963 3972 1009 4038 Et
1034 3969 1143 4056 Regni
1166 3970 1273 4038 nostri
1297 3973 1399 4040 Sexto
1505 4010 1509 4022 ·

1199 4247 1299 4316 ‘v1.
1373 4331 1388 4344 g

586 4377 831 4442 lmtrunrsntum
846 4373 882 4438 de
898 4371 1063 4438 traditiou
1076 4371 1191 4439 saisina
1208 4379 1362 4438 terrarum
1377 4371 1413 4438 dc
1429 4371 1519 4440 Crois
1534 4370 1570 4438 in
1584 4367 1853 4456 confirmacionem
1865 4367 1948 4456 regis

1169 4483 1198 4542 el
1211 4477 1356 4562 inscflum

673 4601 761 4686 [ΠΝ
793 4597 931 4681 nomine
958 4595 1085 4686 domini
1113 4599 1221 4665 Amen
1256 4599 1320 4664 Per
1351 4598 1415 4665 hoc
1449 4617 1586 4683 presens
1619 4593 1791 4682 publicum
1821 4594 1943 4662 instru-
