4460 5984
606 621 669 704 178
1014 620 1112 687 Carta
1135 617 1257 714 doqniei
1278 619 1410 688 villelmi
1430 627 1553 710 compar

603 795 698 862 Inter
712 803 836 860 terram
852 797 1021 880 quondam
1045 795 1168 860 andree
1190 795 1312 862 burnat
1328 815 1369 862 ex
1389 794 1530 862 australi
1546 816 1587 862 ex
1601 817 1668 862 vna
1682 805 1808 864 terram
1830 797 1957 884 georgii

601 899 746 965 barbour
767 920 808 966 ex
831 899 955 964 boreali
978 899 1130 983 partibus
1153 899 1195 964 ab
1218 899 1325 966 altera
1347 920 1562 966 communem
1583 899 1673 967 viam
1696 901 1824 986 regiam
1839 923 1958 970 versus

601 1002 770 1074 occidens
785 1011 818 1069 et
847 1013 974 1070 terram
1001 1005 1171 1088 quondam
1202 1002 1304 1070 dauid
1333 1014 1424 1070 arrot
1450 1025 1568 1072 versus
1597 1005 1708 1072 oriens
1739 1007 1827 1072 Item
1853 1028 1957 1074 vuum

601 1123 752 1176 annuum
775 1109 942 1175 redditum
958 1107 1213 1194 quatuordecim
1229 1107 1412 1176 solidorum
1429 1111 1470 1176 de
1483 1131 1552 1176 vna
1566 1119 1657 1178 terra
1680 1111 1819 1178 Iacente
1833 1111 1868 1178 in
1883 1112 1958 1180 vico

599 1211 704 1278 veridi
725 1211 806 1280 dicti
827 1212 922 1298 burgi
943 1211 1031 1278 inter
1052 1221 1176 1278 terram
1195 1211 1344 1278 willelmi
1367 1223 1546 1299 patersone
1564 1235 1605 1279 ex
1625 1215 1750 1282 boreali
1773 1236 1815 1282 ex
1836 1237 1904 1282 vna
1923 1226 1957 1284 et

599 1322 767 1381 torrentes
793 1314 874 1382 dicti
903 1313 999 1399 burgi
1026 1335 1067 1380 ex
1092 1313 1232 1382 australi
1259 1314 1423 1382 orientali
1440 1337 1481 1382 ex
1507 1316 1708 1384 occidentali
1738 1317 1891 1402 partibus
1914 1321 1957 1390 ab

599 1419 706 1486 altera
728 1421 816 1486 Item
831 1441 935 1486 vnum
958 1439 1109 1518 annuum
1125 1418 1293 1486 redditum
1309 1439 1368 1486 sex
1383 1420 1565 1488 solidorum
1589 1430 1623 1488 et
1644 1431 1720 1490 octo
1743 1423 1956 1492 denariorum

600 1527 641 1592 de
655 1535 746 1592 terra
759 1524 877 1592 thome
891 1519 1059 1610 camplbell
1076 1525 1214 1592 Iacente
1229 1524 1264 1590 in
1279 1523 1371 1592 dicto
1382 1525 1458 1594 vico
1471 1525 1576 1612 veridj
1590 1529 1680 1612 apud
1695 1529 1815 1613 pedem
1831 1530 1957 1598 montis

599 1629 677 1698 diue
700 1629 875 1698 katherine
898 1631 986 1696 inter
1007 1639 1133 1696 terram
1150 1631 1319 1716 quondam
1343 1631 1457 1698 Iacobi
1481 1631 1605 1698 knollis
1619 1653 1660 1698 err
1678 1633 1819 1700 australi
1835 1655 1876 1700 ex
1890 1655 1957 1702 vna

598 1743 724 1802 terram
740 1737 909 1819 quondam
931 1733 1055 1802 roberti
1076 1734 1245 1820 kyunerty
1262 1755 1303 1800 ex
1324 1735 1450 1802 boreali
1473 1736 1626 1826 partibus
1647 1738 1691 1804 ab
1713 1737 1823 1804 altere
1845 1747 1956 1806 ortum

599 1840 771 1908 alexandri
800 1841 910 1907 sorbes
939 1842 981 1906 de
1018 1841 1240 1926 kyndrymme
1268 1862 1386 1908 versus
1415 1841 1527 1908 oriens
1555 1851 1589 1910 et
1619 1863 1835 1909 communem
1864 1841 1955 1910 viam

598 1945 726 2032 regiam
741 1967 859 2013 versus
874 1945 1031 2012 occidens
1045 1943 1173 2010 vsualis
1188 1953 1323 2012 monete
1340 1944 1434 2029 regni
1458 1945 1568 2012 scocie
1583 1945 1761 2012 annuatim
1777 1956 1955 2014 exeuntem

599 2059 632 2118 et
657 2050 839 2118 leuandum
863 2051 907 2117 ad
932 2051 1016 2117 duos
1040 2049 1120 2116 anni
1142 2048 1306 2116 terminos
1328 2049 1464 2116 usuales
1486 2049 1724 2135 penthecostes
1743 2048 1899 2118 videlicet
1922 2059 1955 2118 et

599 2155 708 2224 sancti
732 2154 868 2222 martini
891 2155 926 2220 in
946 2155 1067 2240 hyeme
1083 2175 1142 2240 per
1161 2153 1298 2238 equales
1314 2155 1399 2251 duas
1414 2155 1544 2222 medias
1562 2155 1733 2240 portiones
1746 2156 1954 2226 Itemvnam

597 2269 723 2328 terram
750 2279 828 2326 curn
855 2258 1073 2347 pertinenciis
1100 2261 1273 2326 Iacentem
1297 2280 1338 2325 ex
1359 2258 1514 2326 orientali
1541 2268 1637 2344 parte
1659 2258 1725 2326 vici
1748 2259 1849 2326 castri
1874 2260 1955 2328 dicti

598 2365 695 2450 burgi
721 2364 809 2432 inter
832 2373 957 2430 terram
984 2366 1154 2450 quondam
1179 2363 1351 2432 alexandri
1375 2365 1607 2432 mathewsone
1630 2385 1672 2430 ex
1691 2363 1893 2432 occidentali
1914 2387 1955 2434 ex

597 2489 664 2538 vna
678 2479 811 2556 portam
827 2470 997 2536 latronum
1020 2469 1101 2536 dicti
1124 2469 1220 2555 burgi
1242 2491 1283 2536 ex
1298 2467 1454 2536 orientali
1475 2469 1627 2556 partibus
1650 2471 1692 2538 ab
1708 2470 1815 2538 altera
1829 2481 1954 2538 terram

568 2599 572 2606 ·
598 2577 767 2662 quondam
791 2575 908 2644 thome
930 2575 1086 2644 eraufurd
1108 2595 1226 2643 versus
1248 2583 1402 2642 austrum
1426 2584 1459 2642 et
1483 2595 1698 2642 communem
1713 2574 1803 2642 viam
1826 2573 1953 2660 regiam

596 2703 715 2749 versus
736 2683 873 2750 boream
897 2683 985 2748 Item
1000 2703 1103 2748 vnam
1126 2680 1228 2748 aliam
1244 2689 1368 2748 terram
1388 2701 1466 2748 cunr
1488 2677 1706 2766 pertinenciis
1730 2681 1903 2748 Iacentem
1919 2679 1954 2746 in

559 2785 560 2788 ’
598 2786 769 2856 antedicto
783 2785 858 2854 vico
871 2786 976 2853 veridi
1001 2788 1095 2853 Inter
1116 2795 1241 2854 terram
1259 2786 1426 2854 dictorum
1442 2785 1694 2871 capellanorum
1710 2805 1751 2852 ex
1773 2783 1898 2852 boreali
1913 2805 1955 2852 ex

597 2913 664 2960 vna
685 2901 811 2960 terram
834 2894 1003 2977 quondam
1026 2890 1191 2961 willelmi
1217 2913 1358 2978 gregory
1379 2913 1421 2958 ex
1442 2890 1584 2958 australi
1607 2889 1760 2972 partibus
1781 2889 1825 2958 ab
1846 2889 1954 2958 altera

598 3007 782 3066 torrentem
800 2997 881 3065 dicti
904 2996 1000 3082 burgi
1014 3017 1132 3063 versus
1151 2995 1264 3063 oriens
1283 2997 1329 3063 Et
1350 3017 1565 3064 communem
1579 2995 1671 3062 viam
1693 2993 1821 3080 regiam
1836 3015 1955 3060 versus

598 3103 756 3172 occidens
770 3103 867 3169 TEN
873 3103 1034 3170 ENDOS
1052 3111 1086 3169 et
1107 3102 1280 3169 habendos
1293 3122 1413 3168 omnes
1429 3109 1463 3168 et
1479 3099 1630 3184 singulos
1648 3119 1781 3166 annuos
1802 3096 1954 3166 redditus

598 3220 632 3276 et
643 3219 751 3276 terras
763 3207 1009 3294 suprascriptas
1024 3227 1102 3274 cunr
1114 3206 1332 3292 pertinenciis
1342 3205 1443 3274 dictis
1458 3213 1575 3272 curato
1590 3213 1624 3272 et
1639 3201 1825 3290 capellanis
1835 3211 1870 3268 et
1882 3201 1954 3269 suis

598 3313 849 3382 successoribus
864 3311 1049 3398 capellanie
1064 3311 1146 3380 dicti
1166 3312 1259 3378 chori
1277 3313 1308 3378 Α
1327 3333 1382 3378 me
1404 3311 1584 3378 heredibus
1605 3317 1639 3378 et
1662 3307 1846 3394 assignatis
1867 3307 1953 3374 meis

597 3423 639 3487 de
655 3439 812 3505 supremo
827 3417 964 3486 domino
987 3427 1102 3484 nostro
1124 3437 1203 3502 rege
1218 3427 1251 3484 et
1267 3416 1338 3484 suis
1358 3415 1609 3484 successoribus
1631 3412 1767 3499 regibus
1785 3410 1895 3480 scocie
1916 3411 1952 3478 in

597 3515 716 3610 puram
746 3533 779 3591 et
810 3531 1007 3608 perpetuam
1038 3521 1250 3590 elimosinam
1283 3521 1531 3606 imperpetuum
1565 3521 1652 3588 Cum
1682 3517 1775 3586 omni
1810 3517 1888 3584 Iure
1917 3523 1952 3582 et

598 3629 817 3697 Iurisclameo
838 3627 939 3694 titulo
961 3627 1165 3713 proprietate
1187 3637 1220 3694 et
1243 3626 1456 3711 possessione
1480 3626 1567 3694 Cum
1590 3621 1713 3690 debitis
1742 3618 1952 3705 longitudine

597 3743 630 3802 et
661 3733 838 3800 latitudine
868 3735 955 3802 Cum
978 3733 1120 3801 edificiis
1142 3733 1285 3818 desuper
1314 3730 1518 3798 constructis
1547 3739 1582 3796 et
1611 3725 1849 3796 construendis
1872 3745 1949 3792 cum

596 3838 764 3925 lapidibus
786 3838 887 3923 lignis
909 3848 942 3904 et
966 3839 1059 3906 calce
1073 3840 1123 3904 Ac
1141 3857 1219 3905 cunr
1242 3836 1399 3904 omnibus
1421 3835 1498 3902 aliis
1517 3843 1552 3901 et
1575 3832 1717 3918 singulis
1739 3827 1952 3898 libertatibus

596 3943 894 4010 commoditatibus
909 3952 942 4010 et
965 3942 1164 4009 asiamentis
1179 3963 1219 4008 ae
1244 3941 1349 4008 Iustis
1372 3941 1443 4007 suis
1464 3937 1682 4026 pertinenciis
1697 3935 1951 4020 quibuscunque

595 4045 684 4113 Tam
711 4065 779 4112 non
809 4045 993 4113 nominatis
1019 4067 1121 4130 quam
1145 4043 1329 4112 nominatis
1354 4053 1427 4110 tarn
1456 4043 1577 4110 subtus
1602 4050 1691 4108 terra
1720 4057 1822 4124 quarn
1850 4057 1951 4121 supra

595 4160 720 4216 terram
742 4150 789 4215 ad
814 4149 982 4234 predictas
1003 4157 1112 4214 terras
1134 4156 1167 4213 et
1190 4167 1322 4213 annuos
1343 4145 1494 4214 redditus
1518 4165 1596 4210 curn
1620 4138 1836 4227 pertinenciis
1858 4158 1951 4223 epec-

595 4253 747 4321 tantibus
770 4271 829 4318 seu
854 4253 948 4318 Iuste
971 4261 1124 4334 spectare
1145 4249 1336 4316 valentibus
1359 4245 1608 4332 quomodolibet
1627 4243 1661 4309 in
1683 4242 1833 4308 futurum
1849 4239 1951 4308 libere

595 4357 707 4442 quiete
730 4353 879 4440 plenarie
906 4353 1036 4438 integre
1061 4351 1243 4419 honorifice
1270 4353 1355 4418 bene
1381 4360 1414 4417 et
1441 4349 1475 4416 in
1502 4369 1585 4434 pace
1611 4346 1684 4412 sine
1709 4342 1951 4430 impedimento

595 4457 771 4528 obstaculo
801 4467 860 4524 aut
890 4455 1110 4523 reuocacione
1144 4453 1400 4538 quibuscunque
1437 4451 1664 4538 Quamobrem
1695 4446 1776 4516 dicti
1813 4454 1952 4514 curatus

596 4575 629 4637 et
659 4563 824 4654 capellani
847 4572 881 4630 et
910 4561 964 4632 sui
986 4581 1198 4630 successores
1220 4559 1386 4648 capellani
1411 4556 1492 4628 dieti
1515 4554 1608 4626 chori
1638 4553 1854 4622 celebrabunt
1884 4549 1951 4618 die·
