4490 5990
619 644 681 694 na
1028 627 1188 696 Fundatio
1210 627 1321 696 altaris
1345 629 1459 696 Sancti
1480 628 1568 696 Petri

616 800 741 866 andree
762 821 835 868 mar
852 821 893 868 ex
910 809 1006 886 parte
1022 801 1128 870 altera
1144 803 1228 870 duos
1244 802 1369 870 solidos
1394 805 1480 870 Item
1502 803 1543 870 de
1560 823 1626 870 vno
1649 801 1756 870 orosto
1779 802 1919 870 Iacente
1941 800 1977 870 in

615 901 783 970 territorio
809 903 991 970 croftorum
1014 915 1171 993 exparte
1194 904 1348 973 orientali
1371 905 1468 990 burgi
1490 907 1532 972 de
1560 905 1698 974 abirden
1721 904 1809 972 inter
1831 905 1975 974 croftum

615 1006 756 1072 fratrum
773 1007 1020 1091 predicatorum
1036 1029 1076 1074 ex
1092 1018 1188 1093 parte
1203 1008 1343 1076 australi
1360 1031 1400 1076 ex
1414 1016 1511 1093 parte
1525 1029 1592 1074 vua
1605 1017 1638 1076 et
1651 1008 1795 1074 croftum
1812 1008 1977 1076 Iohannis

615 1109 735 1176 wricht
758 1132 799 1176 ex
821 1119 916 1195 parte
939 1107 1065 1178 boreali
1087 1133 1128 1178 ex
1151 1121 1247 1196 parte
1271 1112 1378 1179 altera
1408 1112 1595 1178 tresdeeem
1622 1110 1747 1178 solidos
1772 1119 1806 1178 et
1832 1120 1979 1196 quatuor

615 1214 772 1282 denarios
790 1217 931 1283 Necnon
952 1218 993 1283 de
1012 1239 1079 1284 vno
1099 1217 1205 1285 croito
1229 1219 1367 1284 Iacente
1389 1217 1424 1284 in
1447 1215 1615 1284 territorio
1637 1216 1819 1284 croftorum
1840 1217 1882 1282 de
1902 1215 1977 1302 Iuty

614 1325 736 1384 vocato
757 1318 875 1384 schore
898 1317 979 1402 rigis
1002 1319 1089 1386 inter
1112 1321 1254 1386 croftum
1278 1319 1450 1388 alexandri
1473 1341 1575 1405 cryne
1595 1329 1752 1404 exparte
1773 1319 1914 1388 australi
1935 1341 1977 1388 ex

614 1439 682 1486 vna
697 1428 731 1485 et
753 1419 895 1486 croftum
916 1421 1102 1488 archibaldi
1120 1421 1219 1489 leitht
1243 1444 1284 1488 ex
1308 1431 1402 1508 parte
1427 1421 1552 1490 boreali
1573 1444 1614 1490 ex
1632 1431 1728 1508 parte
1748 1422 1856 1490 altera
1871 1423 1918 1488 Et
1934 1424 1976 1490 de

615 1524 746 1590 duobus
770 1523 885 1590 croftis
911 1523 1041 1592 vocatis
1065 1525 1099 1610 ly
1123 1525 1204 1610 lang
1226 1524 1308 1609 rigis
1331 1524 1366 1590 in
1391 1525 1509 1592 eodem
1533 1522 1701 1592 tenitorio
1722 1522 1810 1590 iuter
1829 1523 1974 1590 croftum

616 1623 776 1692 heredum
807 1625 967 1712 laurencij
1000 1626 1098 1694 leitht
1128 1649 1169 1696 ex
1199 1636 1294 1712 parte
1319 1627 1445 1694 boreali
1474 1649 1516 1694 ex
1545 1636 1641 1712 parte
1669 1646 1737 1694 vna
1766 1634 1800 1692 et
1829 1626 1975 1694 crottum

617 1727 779 1794 Iohannis
799 1727 944 1795 blinseill
971 1751 1012 1796 ex
1038 1739 1134 1814 parte
1159 1729 1300 1798 australi
1326 1751 1367 1796 ex
1390 1739 1486 1815 parte
1508 1731 1615 1798 altera
1637 1728 1737 1798 vnius
1759 1729 1855 1796 eroiti
1878 1738 1975 1798 etex

615 1839 712 1915 parte
727 1831 853 1898 boreali
873 1831 1013 1899 alterius
1033 1831 1129 1900 croiti
1149 1841 1183 1899 et
1203 1833 1347 1900 crottum
1368 1832 1449 1900 dicti
1471 1831 1634 1900 Iohannis
1654 1853 1695 1898 ex
1715 1841 1812 1918 parte
1832 1833 1973 1900 australi

538 1959 542 1968 ·
614 1943 771 2019 exparte
792 1934 899 2002 altera
919 1934 1070 2002 eiusdem
1090 1937 1259 2002 tredecem
1280 1935 1406 2002 solidos
1426 1944 1459 2002 et
1481 1945 1625 2020 quatuor
1644 1933 1801 2002 denarios
1821 1935 1910 2002 Item
1931 1937 1973 2005 de

614 2059 681 2105 vna
696 2046 786 2106 terra
804 2041 942 2106 Iacente
956 2038 992 2105 in
1010 2038 1085 2106 vico
1104 2038 1178 2124 futy
1192 2038 1280 2106 inter
1300 2047 1425 2105 terram
1446 2036 1611 2106 Willclmi
1632 2035 1798 2104 maitland
1818 2057 1860 2104 ex
1879 2046 1975 2122 parte

614 2141 756 2210 australi
780 2163 820 2208 ex
842 2151 937 2227 parte
959 2163 1027 2208 vna
1050 2150 1083 2208 et
1110 2150 1234 2208 terram
1257 2140 1394 2208 findelai
1416 2139 1579 2208 flesscher
1600 2162 1641 2208 ex
1667 2148 1762 2224 parte
1786 2139 1912 2206 boreali
1935 2160 1977 2206 ex

614 2255 712 2333 parte
724 2247 830 2314 altera
841 2248 958 2315 decem
971 2247 1097 2314 solidos
1112 2245 1376 2314 TENENDOS
1392 2246 1566 2313 habendos
1577 2253 1610 2312 et
1622 2243 1855 2331 percipiendos
1867 2243 1976 2312 dictos

614 2369 746 2416 annuos
761 2349 912 2416 redditus
927 2371 1005 2416 cum
1021 2347 1238 2434 pertinenciis
1252 2348 1344 2416 dicto
1359 2347 1458 2416 altari
1477 2357 1510 2415 et
1526 2347 1702 2433 capellano
1718 2347 1842 2414 ibidem
1858 2345 1975 2414 diuina

614 2451 798 2518 celebranti
817 2461 850 2518 et
871 2473 931 2538 pro
951 2461 1113 2538 perpetuo
1135 2450 1344 2522 celebraturo
1365 2473 1385 2518 a
1408 2472 1463 2518 me
1485 2460 1518 2518 et
1542 2449 1721 2518 heredibus
1741 2449 1826 2516 meis
1841 2459 1874 2516 et
1891 2448 1977 2516 meis

614 2553 797 2640 assignatis
812 2553 847 2620 in
864 2577 983 2640 puram
1004 2564 1037 2621 et
1055 2563 1253 2640 perpetuam
1275 2552 1486 2620 elimosinam
1508 2574 1586 2620 cum
1607 2551 1764 2618 omnibus
1779 2561 1812 2618 et
1830 2549 1976 2636 singulis

615 2657 827 2725 libertatibus
842 2657 1142 2726 commoditatibus
1159 2666 1193 2724 et
1213 2655 1411 2723 asiamentis
1429 2677 1470 2722 ac
1487 2654 1585 2722 iustis
1607 2652 1824 2740 pertinenciis
1839 2654 1974 2738 quibus·

613 2781 746 2845 cunque
773 2760 816 2827 ad
843 2760 952 2827 dictos
979 2781 1110 2827 annuos
1136 2759 1287 2828 redditus
1313 2779 1390 2826 cunr
1415 2756 1632 2842 pertinenciis
1657 2755 1890 2843 spectantibus
1915 2777 1975 2822 seu

612 2864 701 2931 iuste
725 2873 878 2948 spectare
893 2863 1085 2930 valentibus
1100 2861 1351 2948 quomodolibet
1367 2859 1401 2928 in
1417 2861 1567 2928 futurum
1583 2862 1676 2926 Adeo
1695 2859 1798 2926 libere
1813 2867 1847 2925 et
1863 2857 1975 2943 quiete

613 2966 762 3053 plenarie
785 2965 914 3052 integre
940 2965 1123 3033 honorifice
1146 2966 1231 3033 bene
1255 2963 1346 3030 etin
1373 2981 1457 3049 pace
1481 2961 1516 3028 in
1542 2961 1699 3028 omnibus
1721 2969 1755 3028 et
1779 2981 1839 3046 per
1861 2959 1976 3027 omnia

614 3071 702 3138 sicut
718 3069 841 3156 aliquis
857 3089 991 3136 annuus
1005 3067 1156 3136 redditus
1171 3067 1226 3135 uel
1242 3065 1420 3134 elimosina
1435 3064 1535 3150 alicuj
1550 3063 1691 3132 ecclesie
1707 3063 1761 3130 uel
1774 3061 1873 3130 altari
1890 3059 1976 3128 infra

612 3195 754 3260 regnum
770 3171 880 3240 scocie
901 3169 1097 3238 conceditur
1116 3169 1254 3238 liberius
1277 3177 1336 3236 aut
1359 3170 1505 3235 donatur
1527 3165 1600 3232 sine
1624 3165 1737 3250 aliqua
1759 3163 1975 3232 reuocatione

612 3275 854 3345 reclamatione
870 3283 928 3342 aut
944 3272 1210 3340 contradictione
1232 3271 1298 3338 mei
1314 3270 1369 3338 uel
1390 3270 1553 3336 heredum
1577 3289 1728 3336 meorum
1749 3276 1808 3334 aut
1832 3267 1975 3334 aliorum

614 3397 890 3464 quorumcunque
913 3375 1050 3443 nomine
1072 3383 1187 3441 nostro
1203 3373 1257 3440 uel
1280 3395 1322 3440 ex
1344 3381 1439 3458 parte
1455 3381 1571 3438 nostra
1594 3370 1671 3438 inde
1689 3369 1974 3455 faciendis-quali·

613 3502 746 3566 cunque
769 3480 977 3547 infuturum
1002 3476 1172 3544 Faciendo
1195 3475 1272 3542 inde
1295 3475 1407 3542 dictus
1430 3473 1626 3558 capellanus
1652 3471 1707 3557 quj
1736 3495 1796 3559 pro
1822 3482 1974 3558 tempore

613 3584 712 3651 fuerit
734 3605 793 3668 pro
813 3581 991 3650 animabus
1014 3578 1139 3646 nostris
1162 3577 1320 3664 predictis
1336 3576 1378 3643 ad
1394 3576 1501 3643 altare
1524 3573 1754 3660 supradictum
1778 3574 1973 3641 oracionum

614 3687 774 3773 suffragia
796 3688 995 3753 deuotarum
1019 3682 1249 3769 supportando
1271 3680 1424 3748 diuinum
1449 3677 1627 3744 seruicium
1643 3677 1678 3743 in
1695 3677 1797 3742 choro
1817 3676 1907 3743 dicte
1923 3697 1975 3742 ec·

614 3792 716 3860 clesie
730 3798 864 3857 tantum
881 3809 941 3874 pro
957 3787 1048 3872 omnj
1067 3785 1133 3852 alio
1149 3781 1291 3850 seruicio
1307 3781 1449 3850 seculari
1468 3779 1642 3847 exactione
1658 3779 1712 3846 uel
1729 3779 1895 3846 demanda
1911 3799 1976 3864 que

614 3895 733 3963 exinde
749 3915 807 3979 per
822 3910 1041 3976 quoscunque
1053 3886 1243 3972 aliqualiter
1255 3884 1341 3970 exigi
1354 3883 1477 3970 poterit
1489 3891 1548 3950 aut
1560 3882 1682 3967 requiri
1700 3884 1760 3950 Ius
1775 3891 1975 3967 patronatus

615 4006 692 4084 post
719 4017 830 4062 meam
856 3993 961 4060 vitam
986 3991 1136 4058 eiusdem
1162 3988 1350 4074 capellanie
1376 3987 1558 4054 alexandro
1581 3985 1727 4052 blinseill
1750 3984 1974 4070 primogenito

615 4121 691 4166 meo
706 4119 766 4185 pro
782 4096 891 4182 prima
905 4095 978 4161 vice
994 4103 1028 4160 et
1044 4093 1219 4160 Willelmo
1238 4089 1382 4158 blinseill
1400 4091 1548 4156 secundo
1570 4089 1685 4174 genito
1701 4110 1777 4154 meo
1792 4109 1853 4174 pro
1869 4091 1975 4158 altera

613 4201 687 4269 vice
718 4203 764 4267 Et
791 4199 839 4266 sic
866 4197 1026 4282 deinceps
1056 4195 1134 4262 suis·
1157 4193 1335 4261 heredibus
1362 4191 1539 4260 alternatis
1567 4191 1697 4259 vicibus
1727 4191 1974 4276 imperpetuum

614 4301 928 4372 transfundentibus
945 4301 990 4366 Et
1008 4320 1071 4384 ego
1085 4319 1164 4364 vero
1187 4296 1337 4382 prefatus
1355 4295 1492 4362 thomas
1515 4294 1655 4360 heredes
1678 4293 1744 4360 mei
1760 4302 1793 4360 ct
1809 4293 1974 4378 assignati

615 4429 734 4476 omnes
749 4415 782 4472 ct
799 4403 950 4489 singulos
966 4423 1097 4470 annuos
1112 4399 1263 4466 redditus
1278 4397 1454 4484 capellano
1477 4406 1510 4464 et
1526 4395 1713 4483 capellanis
1728 4396 1858 4481 prefato
1875 4397 1973 4464 altari

615 4509 863 4580 celebrantibus
878 4515 911 4574 et
927 4528 987 4596 pro
1002 4512 1163 4595 perpetuo
1178 4501 1396 4572 celebraturis
1411 4522 1471 4586 pro
1487 4499 1665 4567 animabus
1680 4499 1839 4585 predictis
1854 4510 1973 4568 contra
