4472 5992
830 673 952 742 Tabala
973 675 1093 746 sm
1125 658 1130 670 “

354 867 517 938 XXXIV.
540 869 848 992 CartadonaIIoois
861 874 1070 962 capellaniae
1080 875 1199 946 altaris
1210 877 1359 946 &neme
1375 875 1504 948 Mariae

373 1079 517 1148 XXXV.
541 977 1067 1156 Funi'altriffniguncfflscherar
1082 1030 1135 1195 ‘ad
1161 1029 1268 1156 altare
1295 1031 1412 1156 'Sancti
1437 1081 1503 1156 An·

351 1292 515 1360 XXXVI.
540 1190 1113 1368 Rentffienigidnreedituun
1140 1243 1380 1385 pertinentium
1395 1243 1504 1366 ‘altari

624 1401 742 1523 Sancti
753 1403 908 1474 Andreae
922 1401 958 1472 in
973 1403 1117 1474 ecclesia
1132 1403 1318 1474 cathedrali
1333 1403 1503 1473 Aberdon·

332 1607 515 1678 xxxvrr.
540 1525 954 1682 n..t‘.i{¹.1..a'.s..'.a
976 1559 1126 1682 bursas
1149 1613 1184 1682 tn
1197 1559 1350 1682 'ecclesia
1365 1557 1504 1701 ...ari

623 1714 680 1784 iali
697 1717 796 1786 Beati
812 1717 969 1788 Niclrolai
985 1721 1027 1788 de
1041 1720 1216 1790 Aberdene
1298 1768 1306 1786 .
1396 1767 1404 1784 .
1494 1766 1502 1784 .

311 1817 514 1887 XXXVIII.
539 1821 688 1890 Donatio
707 1823 866 1892 Duncani
885 1825 1030 1894 Scherar
1046 1827 1089 1894 ad
1108 1825 1215 1894 altare
1234 1823 1334 1892 Beati
1354 1818 1504 1890 Duthaci

350 1923 515 1992 XXXIX.
540 1927 690 1995 Donatio
716 1928 901 2016 capellanis
922 1929 1085 2000 ecclesiae
1108 1927 1312 2016 parochialis
1335 1928 1377 1998 de
1402 1927 1504 1996 Aber-

435 2135 510 2216 XL.
537 2033 742 2207 Rentiigead
760 2037 940 2209 aggaeum
964 2085 1143 2227 pinemet
1166 2080 1424 2207 vinumrecens
1446 2079 1503 2203 an:

622 2241 752 2308 nuatim
776 2241 1045 2312 distribuendum
1061 2241 1172 2311 dedic
1194 2241 1229 2308 in
1248 2239 1337 2309 diem
1362 2233 1504 2324 singulis

621 2346 806 2432 capellanis
821 2347 856 2414 in
871 2347 1015 2417 ecclesia
1031 2345 1215 2436 parochiali
1232 2343 1331 2416 Beati
1345 2340 1502 2463 Nicholal

620 2451 838 2520 celebraturis
853 2475 914 2540 pro
932 2452 1185 2522 consecratione
1200 2457 1403 2520 sacramenti
1494 2495 1503 2514 .

1578 677 1635 748 xin

1564 827 1636 869 I’AOE

1592 983 1634 1068 63

1592 1195 1634 1279 64

1590 1507 1633 1594 69

1591 1733 1635 1804 70

1592 1839 1632 1908 71

1588 2027 1633 2096 ib.

417 2551 513 2620 XLI.
538 2553 682 2624 Rentale
711 2579 900 2626 annuorum
934 2559 1125 2628 reddituum
1162 2556 1280 2628 altaris
1318 2559 1502 2624 Brutorum
1595 2655 1602 2670 ι

621 2661 796 2730 Laurentii
811 2673 845 2731 et
862 2662 1001 2732 Niniani

396 2761 511 2828 XLII.
535 2763 639 2833 Carta
653 2766 834 2836 Alexandri
859 2769 998 2836 Menzes
1020 2767 1221 2836 confirmata
1243 2785 1423 2854 persuum
1447 2783 1501 2832 au·
1640 2750 1642 2764 '

621 2867 784 2954 periorem
808 2879 842 2938 et
865 2892 925 2956 per
939 2891 1134 2958 supremum
1150 2867 1325 2938 dommum
1349 2874 1502 2934 nostrum

620 2991 733 3057 regem
774 2973 978 3044 mortificata
1019 2975 1061 3042 de
1097 2971 1294 3042 fundatione
1335 2969 1502 3058 lampadis

620 3093 735 3144 coram
749 3075 932 3146 venerabili
950 3085 1164 3146 sacramento
1182 3073 1372 3164 pendentis.
1419 3091 1502 3160 1503

376 3171 511 3239 XLIII.
536 3173 685 3244 Donatio
703 3177 845 3266 collegio
865 3179 1116 3268 capellanorum
1137 3199 1196 3248 sex
1210 3175 1420 3247 voluminum
1442 3173 1501 3246 lib·

380 3379 508 3446 XLIV.
533 3299 1051 3473 Cartamllnilrlridislssyirinsounead
1067 3333 1174 3456 altare
1186 3331 1304 3454 Sancti
1321 3379 1501 3451 Leonardi.

401 3585 510 3651 XLV.
534 3487 709 3657 Funffip
718 3589 873 3658 'rhomae
888 3593 1016 3660 Wauss
1036 3593 1079 3660 ad
1098 3591 1205 3662 altare
1223 3587 1342 3658 Sancti
1362 3585 1499 3656 Martini

382 3686 509 3754 XLVI.
534 3689 700 3761 Redditus
715 3691 834 3763 altaris
850 3695 997 3763 Sanctae
1015 3693 1136 3764 Crucis
1192 3742 1201 3760 .
1291 3740 1300 3758 .
1390 3739 1398 3755 .
1489 3737 1497 3754 .
1592 3687 1629 3755 '.

360 3789 508 3858 XLVII.
533 3793 703 3862 Fundatio
722 3795 930 3882 capellaniae
952 3795 1071 3866 altaris
1089 3795 1169 3864 Divi
1191 3793 1355 3864 IohannIs
1375 3791 1500 3878 baptis·

617 3903 674 3964 tae
688 3899 895 3984 precursoris
915 3899 1053 3970 Domini
1071 3921 1132 3988 per
1151 3900 1338 3969 Iohannem
1356 3895 1499 3966 Xoollis.

621 4001 705 4084 1486

343 4097 509 4166 XLVIII.
534 4101 705 4170 Fundatio
719 4104 861 4192 Angusii
881 4107 1078 4174 Adamsoun
1096 4105 1282 4192 capellania
1303 4092 1402 4172 chori
1421 4099 1500 4168 Divi

618 4204 776 4276 Nicholai
791 4209 833 4276 de
844 4211 1019 4278 Aberdene
1033 4210 1077 4278 ad
1092 4209 1200 4277 altare
1215 4205 1333 4276 Sancti
1350 4205 1500 4276 Michae-

608 4307 662 4375 lis
690 4307 725 4376 in
755 4313 874 4379 eadem
900 4311 1045 4381 ecclesia
1067 4313 1110 4380 de
1135 4311 1212 4380 xxxi
1242 4309 1360 4378 solidis
1383 4317 1416 4376 et
1441 4306 1499 4376 viii

616 4411 763 4480 denariis
788 4413 1027 4483 distribuendis
1056 4435 1116 4500 per
1140 4413 1355 4500 capellanum
1381 4409 1499 4480 altaris

617 4513 736 4581 Sancti
764 4515 942 4585 Michaelis
967 4517 1056 4585 iuter
1080 4518 1276 4604 capellanos
1298 4513 1392 4584 chori
1419 4513 1498 4582 Divi

607 4615 775 4685 ·Nicholai
798 4619 840 4686 de
860 4621 1045 4688 Aberderre.
1093 4637 1201 4704 1440.
1292 4667 1300 4686 .
1391 4665 1399 4684 .
1460 4665 1497 4692 .·

1586 4619 1628 4703 85
