4488 5996
610 648 733 717 Tabula
754 649 878 736 Regum
899 647 1141 738 Prince'pumque
1160 649 1303 738 gentium
1572 667 1635 736 277

411 827 461 892 Le
478 825 554 910 Roy
568 824 610 891 de
625 821 741 909 ehipre
1089 823 1139 892 Le
1156 827 1232 912 Roy
1246 825 1288 892 de
1303 825 1467 911 barguera

411 929 461 994 Le
478 929 554 1012 Roy
567 927 610 994 de
625 925 733 994 eicille
1090 929 1139 994 Le
1157 929 1232 1014 Roy
1247 929 1289 996 de
1304 927 1475 998 coizemofl

413 1033 463 1100 Le
479 1033 556 1118 Roy
570 1033 612 1100 de
627 1031 745 1118 neplee
1090 1033 1140 1100 Le
1157 1035 1232 1120 Roy
1247 1036 1288 1102 de
1304 1037 1471 1124 Compare

1091 1137 1141 1204 Le
1158 1139 1233 1224 Roy
1248 1139 1289 1206 de
1304 1139 1394 1226 farty

412 1239 497 1307 Pbre
513 1239 642 1307 Iohene
1089 1241 1139 1307 Le
1156 1243 1231 1327 Roy
1246 1241 1418 1312 makeloze

410 1344 441 1412 le
458 1345 534 1430 Roy
548 1345 590 1412 de
606 1351 697 1410 sarot
1087 1345 1118 1410 le
1136 1346 1211 1430 Roy
1226 1345 1353 1416 didon'e

411 1451 462 1516 Le
479 1451 555 1535 Roy
569 1449 611 1516 de
628 1448 746 1515 leurofi
1091 1450 1139 1516 Le
1157 1453 1232 1538 Roy
1246 1455 1288 1520 de
1303 1453 1451 1524 halacrie

412 1554 463 1620 Le
479 1553 555 1638 Roy
569 1553 611 1620 de
627 1551 788 1619 marchofi
1077 1555 1140 1621 Le
1158 1556 1234 1641 Roy
1248 1557 1289 1624 de
1305 1557 1441 1646 senicya

412 1657 462 1724 Le
479 1658 555 1742 Roy
569 1656 610 1722 de
626 1665 742 1742 menty
1089 1659 1140 1724 Le
1156 1660 1232 1746 Roy
1246 1661 1293 1727 de·
1303 1663 1455 1734 barberia

412 1759 462 1827 Le
479 1761 554 1845 Roy
569 1759 611 1826 de
626 1760 736 1845 Caesy
1089 1759 1138 1828 Le
1156 1763 1231 1848 Roy
1245 1764 1287 1831 de
1302 1763 1464 1841 lettoria†

412 1865 463 1932 Le
479 1866 554 1950 Roy
569 1865 610 1932 de
625 1862 761 1950 nypen'e
1753 1953 1755 1964 Ι

412 1969 462 2035 Le
479 1969 556 2054 Roy
570 1969 612 2035 de
626 1967 779 2054 vibreuly
1091 1969 1139 2036 Le
1154 1979 1253 2055 grant
1270 1975 1364 2042 Cane
1379 1977 1420 2042 de
1440 1979 1636 2062 Castenness

411 2073 461 2138 Le
478 2074 555 2158 Roy
569 2073 611 2140 de
626 2071 751 2140 karelle
1090 2073 1138 2140 Le
1155 2074 1315 2144 Soubdan
1330 2079 1372 2146 de
1388 2081 1522 2150 babilon

412 2177 462 2244 Le
479 2179 554 2263 Roy
568 2179 611 2246 de
627 2178 782 2244 eannelat
1090 2179 1141 2244 Le
1157 2181 1232 2266 Roy
1248 2183 1289 2248 de
1305 2195 1458 2254 moustru
1602 2263 1605 2270 ,

411 2281 461 2348 Le
477 2283 553 2367 Roy
568 2282 610 2349 de
625 2282 883 2350 nordrebrodem
1088 2281 1140 2350 Le
1154 2285 1230 2370 Roy
1244 2286 1286 2354 de
1300 2287 1454 2359 vrthebet

411 2386 442 2452 le
459 2387 535 2472 Roy
549 2387 591 2454 de
607 2407 684 2454 sure
1091 2387 1232 2476 LeRoy
1247 2393 1288 2458 de
1304 2393 1530 2468 Comalanthe

411 2489 442 2558 le
459 2492 534 2578 Roy
549 2491 725 2560 destareell
1089 2495 1138 2560 Le
1155 2495 1231 2582 Roy
1245 2497 1286 2564 de
1301 2503 1488 2590 nangangrj

412 2593 462 2662 Le
480 2597 555 2682 Roy
569 2597 612 2663 de
627 2595 747 2664 suluen
1091 2596 1140 2663 Le
1157 2599 1232 2686 Roy
1247 2601 1288 2669 de
1304 2605 1448 2688 pedollie

412 2695 461 2764 Le
478 2699 554 2784 Roy
569 2697 610 2766 de
626 2697 818 2766 daureneile
1089 2699 1297 2787 Lempereur
1310 2707 1351 2773 de
1366 2707 1505 2780 tartarle

412 2802 462 2869 Le
479 2803 555 2888 Roy
569 2803 611 2869 de
626 2823 706 2870 euze
1090 2805 1297 2892 Lempereur
1310 2811 1352 2878 de
1367 2815 1570 2902 tarbysonde

412 2907 462 2974 Le
480 2907 556 2994 Roy
571 2907 613 2976 de
629 2909 754 2994 bougre
1087 2911 1296 2998 Lempereur
1311 2917 1352 2984 de
1367 2931 1533 2990 eumeetot

412 3009 462 3078 Le
479 3012 555 3098 Roy
569 3011 611 3080 de
627 3013 722 3080 salba
1089 3013 1462 3102 lempereurdarmenie

413 3115 463 3182 Le
480 3115 555 3202 Roy
570 3115 612 3184 de
627 3115 831 3202 hakameryc
1090 3117 1278 3206 lempereur
1292 3127 1333 3192 de
1348 3131 1492 3216 cynopie

411 3221 461 3288 Le
478 3221 555 3308 Roy
569 3222 610 3288 de
625 3219 771 3290 disdrael
1089 3223 1139 3291 Le
1156 3227 1232 3313 Roy
1246 3229 1288 3295 de
1303 3251 1431 3318 cyquye

411 3325 462 3390 Le
478 3325 555 3410 Roy
568 3327 610 3392 de
625 3323 782 3394 lumenefi
1090 3327 1139 3396 Le
1156 3332 1231 3416 Roy
1246 3333 1287 3400 de
1303 3334 1456 3422 Nargase

412 3427 463 3496 Le
480 3429 556 3516 Roy
570 3431 612 3498 de
627 3429 749 3498 Tarize
1089 3435 1141 3502 Le
1157 3437 1233 3523 Roy
1248 3439 1289 3505 de
1305 3445 1515 3526 muguevelle

412 3533 462 3600 Le
479 3535 555 3620 Roy
569 3535 611 3602 de
626 3533 819 3604 membelim
1078 3537 1139 3606 ·Le
1156 3541 1232 3628 Roy
1246 3543 1288 3608 de
1303 3565 1445 3632 cyngres

303 3673 305 3678 ·
411 3637 462 3704 Le
479 3639 555 3725 Roy
569 3639 610 3708 de
625 3639 789 3708 harzem*
1089 3641 1138 3710 Le
1152 3653 1252 3730 grant
1267 3655 1324 3714 tur
1337 3651 1379 3717 de
1394 3653 1526 3740 turquie

411 3741 462 3808 Le
478 3743 553 3830 Roy
567 3745 609 3812 de
625 3745 767 3814 Colmen
1090 3750 1140 3816 Le
1157 3751 1233 3836 Roy
1247 3752 1288 3820 de
1303 3767 1429 3843 gennyt

412 3847 463 3914 Le
479 3849 556 3936 Roy
570 3851 612 3918 de
627 3851 781 3919 henenen
1089 3855 1141 3922 Le
1157 3857 1233 3943 Roy
1247 3859 1289 3926 de
1304 3859 1455 3932 dalmase

412 3949 443 4018 le
460 3953 536 4038 Roy
550 3955 592 4022 de
607 3953 709 4024 halex
1091 3959 1142 4026 Le
1158 3959 1234 4047 Roy
1248 3962 1290 4029 de
1305 3965 1452 4054 darebye

411 4053 461 4122 Le
478 4057 554 4144 Roy
568 4059 610 4128 de
627 4059 743 4128 Bacon
1088 4063 1140 4130 Le
1156 4065 1233 4151 Roy
1246 4065 1358 4152 percie

410 4159 441 4228 le
458 4161 535 4249 Roy
549 4163 590 4232 de
606 4165 784 4234 mustebell
1089 4169 1140 4236 Le
1156 4171 1232 4258 Roy
1246 4173 1287 4241 de
1304 4177 1400 4244 mede

338 4275 343 4286 ’
412 4263 443 4332 le
460 4267 535 4353 Roy
550 4268 592 4336 de
607 4289 775 4340 marmera
1091 4275 1141 4342 Le
1158 4277 1234 4364 Roy
1248 4279 1289 4345 de
1307 4281 1442 4350 Iheetae

412 4369 462 4438 Le
479 4373 555 4460 Roy
569 4373 611 4444 de
626 4373 761 4461 dipsuly
1090 4379 1141 4456 Le
1158 4381 1233 4468 Roy
1248 4384 1289 4451 de
1304 4405 1389 4470 gene

697 4527 712 4556 “
725 4529 755 4580 lu
767 4529 884 4595 margine
895 4536 912 4562 ‘¹
921 4532 976 4584 Her
988 4549 1015 4584 er
1025 4551 1058 4601 ye
1069 4535 1216 4593 olifnntie'ss

382 4603 920 4677 flnmerfline'·crietynewithfy1÷''.
1154 4619 1519 4692 gxnmargine··hethyfle·¹.
