4490 5990
635 679 677 766 56
809 677 1003 745 Prosentaoio
1024 676 1176 744 Iohannis
1197 677 1374 760 Horaysom
1395 677 1559 746 adalim
1580 677 1693 744 Sosicle
1717 677 1825 746 Crucis

1259 903 1371 968 XXX.

720 1047 949 1116 NIUERSIS
964 1055 1080 1132 pateat
1095 1066 1155 1130 per
1169 1051 1343 1130 presentes
1358 1063 1413 1110 me
1429 1043 1660 1112 allexandrum
1676 1043 1839 1131 howyson
1854 1046 1996 1132 burgen·

754 1175 826 1220 sem
836 1153 932 1238 burgi
942 1153 983 1220 de
993 1153 1181 1220 abberdene
1191 1159 1405 1235 presentasse
1414 1158 1447 1216 et
1457 1157 1575 1216 tenore
1583 1150 1996 1236 presenciumpresentare

635 1260 818 1329 discretum
832 1257 942 1326 virum
965 1257 1140 1326 dominum
1163 1255 1395 1324 allexandrum
1411 1255 1498 1324 Club
1521 1255 1734 1340 capellanum
1755 1255 1996 1324 aberdonensis

635 1363 808 1434 dioceseos
831 1364 874 1431 ad
897 1361 1077 1448 seruicium
1104 1359 1292 1446 capellanie
1317 1361 1434 1428 decem
1459 1380 1648 1426 mercatum
1673 1379 1861 1428 annuorum
1887 1359 1996 1428 reddi-

635 1478 733 1538 tuum
756 1489 816 1554 per
838 1489 893 1534 me
913 1467 1052 1534 fundate
1075 1469 1118 1534 ad
1141 1465 1247 1532 altare
1269 1474 1387 1532 sancte
1412 1463 1521 1532 crucis
1535 1463 1706 1549 wlgariter
1728 1463 1942 1532 nominatum
1964 1466 1996 1532 le

527 1623 532 1634 .
636 1575 763 1642 broune
782 1571 888 1640 croisa
907 1571 1071 1640 situatum
1091 1569 1126 1636 in
1147 1569 1290 1638 ecclesia
1310 1567 1494 1654 parochiali
1515 1568 1604 1636 beati
1625 1567 1771 1654 nicholaj
1794 1568 1876 1636 dicti
1900 1569 1996 1656 burgi

637 1677 775 1762 Sibique
794 1676 921 1745 dictam
944 1674 1168 1760 capellaniam
1188 1683 1222 1740 et
1243 1673 1422 1740 seruicium
1442 1672 1593 1768 eiusdem
1608 1693 1686 1740 cum
1702 1671 1866 1740 fructibus
1889 1673 1997 1740 firmis

637 1793 671 1852 et
689 1781 964 1869 peruenientibus
986 1782 1168 1848 eemndem
1192 1780 1385 1865 assignasse
1407 1788 1441 1846 et
1464 1801 1524 1866 per
1545 1789 1719 1864 presentes
1740 1777 1914 1864 assignare
1936 1801 1996 1864 pro

636 1897 710 1954 toto
732 1895 884 1972 tempore
898 1886 967 1954 vite
987 1907 1047 1952 sue
1070 1907 1148 1952 cum
1165 1883 1366 1952 omnimoda
1380 1891 1549 1969 potestate
1568 1883 1677 1950 dictos
1696 1903 1828 1950 annuos
1845 1883 1997 1952 redditus

637 2015 716 2060 cum
737 1991 954 2077 pertinenciis
975 1989 1111 2058 leuandi
1134 1989 1338 2076 percipiendi
1354 2009 1414 2074 pro
1429 1989 1623 2074 eisdemque
1638 1989 1859 2074 distringendi
1875 1989 1996 2076 agendi

638 2107 672 2166 et
687 2097 887 2166 defendendi
902 2119 942 2164 ac
957 2097 1072 2164 omnia
1087 2096 1154 2164 alia
1172 2105 1205 2164 et
1224 2095 1357 2180 singula
1375 2093 1518 2162 laciendi
1538 2093 1675 2180 gerendi
1691 2103 1724 2160 et
1736 2093 1916 2162 ‘exercendi
1932 2115 1997 2180 que

637 2202 672 2270 in
688 2201 984 2269 administracione
999 2201 1088 2268 dicte
1103 2199 1290 2286 capellanie
1309 2201 1495 2266 secundum
1511 2209 1662 2266 tenorem
1678 2207 1771 2266 carte
1784 2198 1997 2266 fundacionis

636 2307 788 2375 eiusdem
814 2306 1005 2374 necessaria
1030 2305 1162 2374 fuerant
1185 2327 1244 2372 seu
1268 2304 1517 2390 quomodolibet
1544 2313 1733 2391 opportuna
1760 2306 1801 2370 In
1827 2303 1924 2372 cuius
1948 2304 1996 2370 rei

636 2411 869 2482 testimonium
897 2411 1053 2497 Sigillum
1079 2431 1193 2477 meum
1224 2407 1437 2497 presentibus
1462 2417 1514 2476 est
1541 2429 1728 2494 appensum
1755 2409 1845 2492 apud
1868 2407 1996 2474 dictum

637 2519 780 2602 burgum
810 2519 852 2584 de
882 2519 1070 2585 abberdene
1099 2514 1219 2582 vltimo
1252 2514 1307 2582 die
1336 2513 1464 2582 mensis
1501 2513 1711 2600 Septembris
1746 2533 1837 2582 anuo
1869 2512 1996 2580 domini

637 2621 818 2688 millesimo
840 2619 1171 2707 quadringentesimo
1193 2619 1403 2705 sexagesimo
1427 2617 1536 2705 primo

1253 2915 1385 2982 XXXI.

724 3057 953 3126 NIUERSIS
969 3065 1002 3122 et
1019 3041 1161 3141 singulis
1176 3057 1219 3122 ad
1235 3075 1376 3140 quorum
1397 3052 1542 3120 noticias
1557 3061 1731 3139 presentes
1746 3051 1841 3120 litere
1857 3073 1997 3139 peruen-

766 3162 852 3229 erint
875 3160 1066 3248 prepositus
1088 3161 1245 3227 consules
1259 3169 1293 3226 et
1309 3157 1424 3244 balliuj
1449 3158 1545 3244 burgi
1566 3159 1608 3226 de
1631 3158 1819 3226 abberdene
1842 3157 1996 3226 Salutem

641 3271 754 3357 Quum
775 3267 868 3353 pium
885 3265 928 3333 sit
944 3273 978 3332 et
1001 3264 1210 3334 meritorium
1227 3263 1324 3331 fidele
1344 3261 1578 3331 testimonium
1593 3263 1727 3349 veritatj
1749 3273 1783 3331 et
1799 3263 1947 3332 maxime
1961 3263 1996 3332 in

638 3373 706 3458 hijs
728 3373 828 3440 rebus
850 3371 885 3438 in
908 3369 1030 3457 quibus
1052 3369 1235 3460 occultatio
1256 3367 1409 3436 veritatis
1431 3368 1602 3454 innocentj
1627 3367 1735 3454 possit
1758 3369 1943 3455 dampnum
1962 3379 1996 3438 et

638 3477 859 3565 preludicium
875 3495 1035 3562 generare
1050 3476 1130 3544 hinc
1145 3485 1197 3542 est
1212 3477 1301 3560 quod
1316 3495 1430 3542 coram
1450 3473 1548 3541 nobis
1561 3473 1784 3560 personaliter
1797 3495 1998 3562 comparens

640 3585 801 3672 prouidus
829 3583 881 3650 vir
910 3583 1103 3650 allexander
1131 3580 1313 3667 howysone
1338 3579 1428 3646 tilius
1453 3589 1487 3646 et
1513 3580 1611 3647 heres
1634 3581 1805 3664 quondam
1833 3579 1997 3647 Iohannis

642 3691 823 3776 howysone
838 3687 1015 3775 burgensis
1030 3687 1112 3755 dicti
1134 3686 1230 3773 burgi
1250 3685 1348 3754 nobis
1366 3684 1519 3772 exposuit
1535 3695 1569 3752 et
1591 3683 1777 3752 declarauit
1800 3705 1836 3752 se
1858 3683 1893 3752 in
1916 3705 1996 3770 aug·

642 3801 795 3861 mentum
819 3793 932 3860 cultus
954 3791 1060 3860 diuini
1076 3800 1110 3858 et
1125 3813 1185 3878 pro
1201 3791 1310 3858 salute
1325 3789 1515 3858 animarum
1538 3789 1712 3876 patrissui
1728 3787 1913 3876 matrisque
1936 3809 1997 3857 sue

642 3919 768 3984 sueque
791 3897 903 3966 anime
926 3907 960 3966 et
982 3897 1126 3964 isabelle
1147 3896 1300 3964 Culanne
1323 3915 1445 3982 sponse
1463 3917 1524 3962 sue
1543 3905 1788 3982 parentumque
1810 3894 1996 3962 amicorum

641 4013 894 4072 antecessorum
924 4001 1069 4089 prolium
1099 4011 1133 4069 et
1164 4023 1398 4070 successorum
1427 4021 1565 4068 suorum
1595 4021 1635 4068 ac
1665 3998 1817 4066 omnium
1846 3998 1996 4067 fidelium
2060 4033 2063 4040 ·

641 4111 876 4179 defunctorum
902 4108 1034 4176 dedisse
1060 4107 1269 4176 concessisse
1290 4109 1353 4176 deo
1376 4106 1598 4194 omnipotentj
1622 4113 1657 4173 et
1679 4103 1752 4173 eius
1774 4103 1875 4189 matrj
1899 4105 1997 4172 beate

642 4215 747 4284 marie
761 4215 883 4302 virgini
898 4223 931 4282 et
947 4213 1104 4283 omnibus
1120 4213 1248 4282 sanctis
1262 4223 1296 4280 et
1312 4213 1410 4298 altarj
1429 4221 1545 4280 sancte
1560 4211 1670 4280 crucis
1685 4219 1804 4278 vocate
1819 4210 1851 4276 le
1870 4211 1997 4278 broune

642 4321 749 4388 croise
772 4320 898 4388 situato
914 4319 948 4386 in
964 4318 1108 4388 ecclesia
1126 4317 1311 4404 parochiali
1327 4317 1417 4386 beati
1438 4315 1561 4384 nicolai
1581 4313 1783 4383 confessoris
1798 4313 1879 4382 dicti
1901 4313 1997 4400 burgi

643 4447 683 4493 ac
699 4424 835 4492 domino
858 4424 1052 4492 allexandro
1068 4423 1155 4492 Club
1175 4421 1351 4508 capellano
1373 4429 1520 4507 prototo
1542 4430 1695 4507 tempore
1708 4419 1778 4488 vite
1800 4439 1861 4488 sue
1882 4417 1998 4487 diuina

642 4527 768 4604 ibidem
789 4529 972 4598 celebranti
995 4539 1029 4596 et
1051 4549 1112 4614 pro
1134 4535 1296 4614 perpetuo
1311 4525 1487 4612 capellano
1509 4525 1633 4594 ibidem
1649 4524 1858 4593 celebraturo
1880 4523 1996 4591 decem

644 4655 775 4702 mercae
801 4633 904 4700 annui
935 4633 1086 4700 redditus
1110 4631 1239 4700 usualis
1265 4639 1400 4698 monete
1426 4629 1536 4698 scocie
1566 4628 1744 4697 annuatim
1770 4635 1932 4696 exeuntes
1957 4627 1998 4694 de
