4490 5990
734 665 831 734 Carta
852 667 969 754 mathei
989 669 1107 736 Faciat
1555 679 1596 762 87

235 836 321 906 mair
359 837 494 908 Iuniore
531 839 657 908 andrea
687 839 841 928 syncrnlt
874 841 1001 912 andra
1035 842 1184 912 tranche
1212 843 1331 916 thoma
1365 849 1407 918 de
1441 849 1597 920 cranlurd

238 943 390 1012 Iohanne
408 965 492 1032 gray
507 945 671 1032 magistro
692 945 845 1014 Iohanne
864 948 906 1014 de
924 945 1045 1016 eadiou
1064 949 1197 1018 notario
1217 951 1352 1037 publico
1372 963 1406 1023 et
1421 955 1597 1024 Willelmo

236 1047 428 1134 atkynsoun
444 1053 630 1137 sergeando
645 1071 723 1118 eum
740 1051 857 1120 multis
872 1061 906 1120 et
922 1052 1065 1120 diuersis
1080 1055 1157 1140 alijs

411 1243 487 1310 Hec
517 1251 569 1310 est
598 1263 678 1310 vera
712 1251 746 1310 et
781 1241 972 1312 indubitata
1006 1243 1105 1330 copia
1137 1254 1229 1314 carte
1258 1245 1432 1332 originalis
1461 1250 1594 1337 angusij

410 1349 617 1416 adamesoun
637 1351 679 1416 de
696 1348 773 1434 xxxj
794 1348 978 1418 solidorum
1001 1359 1036 1418 et
1058 1360 1136 1419 octo
1159 1351 1373 1422 denariorum
1396 1353 1595 1424 distribuen-

408 1455 528 1522 dorum
563 1477 623 1542 per
654 1455 868 1542 capellanum
901 1455 1019 1524 altaris
1048 1457 1159 1526 saneti
1196 1457 1373 1526 michaelis
1409 1463 1595 1530 secundum

407 1567 560 1628 tenorem
586 1559 675 1628 inter
701 1560 894 1646 capellanos
917 1559 1011 1628 chori
1038 1561 1107 1648 diuj
1135 1561 1269 1650 nicolaij
1298 1565 1339 1630 de
1365 1564 1523 1634 abirdene
1547 1569 1595 1636 nil

409 1663 440 1730 ei
463 1667 618 1734 addendo
640 1675 700 1734 aut
726 1665 945 1736 diminuendo
967 1671 1057 1760 quod
1079 1667 1160 1736 lacti
1183 1670 1415 1740 substanciam
1437 1670 1594 1743 immutet

409 1781 469 1838 aut
499 1771 709 1839 intellectum
739 1771 847 1840 variat
886 1793 989 1840 manu
1020 1795 1097 1842 mea
1126 1773 1270 1842 fideliter
1299 1775 1425 1861 scripta
1455 1799 1514 1863 per
1539 1801 1595 1848 me

410 1873 610 1960 magistrum
627 1873 840 1942 Willelmum
864 1875 1057 1962 philipsoun
1080 1875 1186 1944 saeris
1210 1877 1403 1946 auctoribus
1425 1881 1539 1966 papali
1559 1891 1594 1950 et

408 1979 575 2066 imperiali
598 1979 768 2046 notarium
787 1980 959 2066 publicum
983 1981 1142 2050 clericum
1165 1981 1398 2050 abirdonensis
1420 1984 1594 2054 dioceseos

407 2087 634 2154 collacionata
656 2095 689 2154 et
713 2087 906 2155 auscultata
928 2095 962 2156 et
985 2090 1167 2157 concordat
1190 2109 1268 2156 cum
1291 2111 1353 2158 sua
1376 2089 1531 2176 originali
1551 2094 1594 2162 de

314 2190 353 2296 ξ
404 2193 506 2260 verbo
536 2191 571 2258 in
597 2192 736 2260 verbum
761 2193 850 2276 quod
876 2201 1019 2260 attestor
1045 2192 1142 2278 signo
1168 2193 1365 2262 nomine‘et
1391 2195 1592 2282 cognomine

287 2197 350 2404 ἔῃ
405 2295 492 2415 meis
521 2297 631 2366 solitis
659 2307 693 2366 et
723 2297 895 2366 consuetis
923 2319 1068 2366 vnaeum
1105 2297 1350 2384 subscriptione
1381 2301 1531 2369 manuali
1557 2311 1591 2370 et

286 2403 353 2620 ἐξ·
404 2401 1592 2598 {tlalltlstlhffilhlllhthlllhlltllt

405 2621 527 2682 octauo
543 2615 592 2681 &c

850 2759 980 2826 XLIX.

725 2899 825 2968 Carta
846 2899 962 2986 mthcj
984 2899 1100 2966 Faciat

317 3044 505 3114 MNIBUS
541 3043 630 3112 hane
664 3051 793 3112 cartam
830 3041 954 3110 visuris
986 3041 1038 3110 vel
1073 3040 1249 3110 Audituris
1286 3041 1445 3111 matheus
1480 3043 1593 3116 lechat
1613 3067 1719 3124 n1.ts²

358 3147 536 3232 burgensis
563 3146 659 3232 burgi
683 3149 725 3214 de
750 3145 918 3214 Abirdene
944 3146 1089 3212 salutem
1119 3145 1154 3212 in
1185 3144 1321 3214 domino
1351 3147 1592 3234 sempitemrsn
1612 3175 1730 3228 funum

235 3251 448 3322 considerato
478 3255 567 3340 quod
596 3273 715 3320 omnes
745 3251 911 3320 stabimus
940 3261 1021 3320 ante
1051 3251 1198 3320 tribunal
1225 3250 1352 3319 domini
1379 3253 1486 3320 nostri
1514 3255 1592 3322 Iesu
1613 3241 1766 3359 ffigffill'

235 3357 353 3424 eluisti
368 3366 467 3443 prout
488 3357 523 3424 in
542 3377 681 3444 corpore
700 3356 869 3442 gessimus
884 3355 956 3424 siue
971 3357 1097 3425 bonum
1113 3353 1185 3422 siue
1202 3355 1332 3423 Malum
1347 3355 1448 3424 luerit
1465 3359 1608 3444 Recepr

233 3463 301 3530 turi
331 3471 469 3549 propter
497 3465 587 3549 quod
616 3464 742 3532 bonurn
769 3471 821 3529 est
847 3471 881 3530 et
908 3461 1088 3547 expediens
1117 3461 1206 3530 diem
1237 3470 1384 3528 extreme
1414 3463 1593 3531 messionis

236 3568 403 3654 Operibus
419 3567 646 3636 misericordie
666 3567 842 3655 preuenire
860 3567 909 3636 sie
929 3569 1018 3654 quod
1038 3567 1206 3636 seminata
1222 3567 1256 3636 in
1271 3569 1372 3636 terris
1386 3589 1464 3636 eum
1481 3570 1593 3638 multi-

234 3673 360 3760 plicato
381 3673 493 3741 fructu
515 3673 550 3740 in
573 3674 655 3742 celis
681 3673 837 3760 colligere
859 3673 1034 3742 valeamus
1060 3671 1233 3741 Noueritis
1256 3693 1310 3740 me
1336 3673 1506 3760 propteria
1532 3695 1593 3761 pro

234 3779 515 3865 augmentacione
538 3779 660 3848 Cultus
684 3779 788 3864 diuinj
816 3779 946 3846 intuitu
973 3777 1126 3846 caritatis
1151 3799 1212 3864 pro
1239 3777 1348 3846 salute
1370 3779 1493 3847 Anime
1519 3801 1593 3848 mee

233 3887 491 3972 animarumque
513 3895 693 3972 parentum
716 3907 868 3954 meorum
883 3907 1090 3972 uxorumque
1114 3905 1266 3952 mearum
1290 3893 1543 3954 antecessorum
1560 3897 1593 3954 et

235 3993 477 4060 Suecessorum
496 4001 689 4060 nostrorum
709 4001 743 4058 et
763 3991 916 4058 omnium
936 3989 1086 4059 fidelium
1107 3989 1342 4057 defunctorum
1363 3989 1397 4058 in
1416 3990 1544 4058 honore
1559 4001 1593 4058 et

233 4098 455 4166 veneracione
470 4097 522 4183 dej
539 4095 783 4184 omnipotentis
802 4105 835 4164 et
856 4095 1001 4182 gloriose
1015 4095 1156 4181 virginis
1174 4094 1280 4162 marie
1300 4094 1420 4162 matris
1442 4093 1593 4164 eiusdem

234 4212 268 4269 et
285 4204 402 4289 Sanctj
419 4203 597 4273 michaelis
614 4202 809 4290 archangeli
827 4212 861 4271 et
880 4202 1032 4271 omnium
1052 4211 1247 4272 sanctorum
1264 4201 1400 4272 Cinium
1416 4202 1592 4270 celestium

234 4307 366 4376 dedisse
382 4307 590 4376 concessisse
606 4317 639 4376 et
655 4309 719 4376 hac
738 4316 894 4396 presente
909 4317 1004 4376 carta
1020 4329 1096 4375 mea
1112 4307 1330 4374 confirmasse
1347 4306 1491 4392 Iohannj
1514 4307 1593 4376 eoli-

234 4433 315 4480 soue
341 4412 464 4480 elerico
486 4413 556 4481 lilio
582 4413 781 4486 secundario
806 4413 908 4482 dauid
934 4413 1086 4482 eolisoun
1113 4412 1289 4499 burgensis
1311 4413 1407 4498 bur·
1435 4412 1476 4480 de
1498 4411 1592 4481 Abir-

115 4559 119 4566 ·
233 4519 343 4585 denne
368 4539 488 4588 ornnes
513 4528 548 4587 et
573 4517 725 4604 singulos
750 4539 883 4588 annuos
913 4518 1080 4588 Redditus
1104 4527 1271 4586 terrarum
1301 4515 1591 4602 infrascriptarum

231 4622 389 4692 videlicet
409 4645 514 4694 vnum
544 4645 694 4694 annuum
726 4611 909 4694 Redditum
933 4623 1052 4716 vigintj
1081 4633 1226 4716 quatuor
1255 4622 1439 4696 solidorum
1465 4621 1593 4694 vsuahs
