4490 5990
609 730 652 797 68
826 721 990 792 Fundacio
1011 719 1164 789 Dancani
1185 717 1319 787 Sclrcrar
1340 719 1383 786 ad
1403 719 1503 786 altare
1527 719 1639 786 Sancti
1661 719 1750 786 Petri

582 897 840 969 ‘vniuersitatis
866 893 1097 965 abirdonensis
1124 901 1157 960 et
1187 893 1230 962 ad
1260 894 1426 960 decanum
1456 891 1630 962 facultatis
1663 891 1786 960 artium
1819 893 1876 980 qui
1909 917 1968 980 pro

610 1016 763 1094 tempore
785 1001 908 1070 fuerint
935 1001 994 1068 illa
1019 999 1092 1066 vice
1118 997 1220 1065 libere
1245 995 1411 1082 pertineat
1438 997 1511 1064 sine
1538 995 1804 1064 contradictione
1831 996 1969 1082 aliquali

613 1113 686 1178 Nec
701 1109 766 1196 ipsi
788 1105 887 1176 altari
911 1105 959 1172 sic
982 1125 1042 1190 per
1065 1123 1119 1169 me
1141 1101 1176 1168 in
1195 1111 1291 1188 parte
1313 1101 1454 1168 fundato
1470 1111 1503 1167 et
1519 1101 1670 1168 bursario
1693 1101 1840 1187 aliquem
1864 1101 1968 1168 alium

612 1216 825 1303 capellanum
841 1235 901 1280 seu
924 1209 1112 1279 bursarium
1129 1207 1250 1276 saltem
1266 1197 1336 1274 vita
1352 1229 1428 1274 mea
1443 1209 1586 1274 durante
1601 1215 1712 1292 preter
1727 1229 1839 1274 meam
1854 1208 1970 1274 volun-

611 1330 718 1388 tatem
752 1321 930 1404 Imponere
958 1314 1094 1382 valeant
1125 1333 1184 1379 seu
1217 1311 1339 1397 aliquis
1369 1333 1484 1378 eorum
1513 1311 1625 1378 valeat
1656 1312 1906 1398 quomodolibet
1936 1311 1971 1378 in

611 1429 762 1496 futurum
787 1427 846 1492 Set
869 1423 958 1510 quod
977 1420 1105 1488 dictum
1125 1427 1358 1486 tenementum
1385 1429 1418 1485 et
1445 1418 1547 1504 annuj
1574 1419 1740 1486 Redditus
1767 1439 1845 1486 cum
1872 1416 1972 1504 perti-

612 1531 742 1600 nenciis
764 1532 806 1598 ad
828 1525 1115 1596 sustentacionem
1135 1522 1234 1591 vnius
1258 1522 1422 1608 capellanj
1443 1533 1477 1590 et
1498 1522 1639 1608 bursarij
1662 1523 1831 1590 studentis
1851 1545 1892 1591 ac
1912 1544 1973 1608 pro

613 1635 844 1706 anniuersario
859 1655 935 1701 meo
950 1641 988 1700 ut
1004 1652 1106 1716 supra
1121 1637 1197 1716 post
1213 1631 1390 1697 decessum
1411 1651 1525 1696 meum
1542 1629 1812 1697 Irreuocabiliter
1833 1613 1972 1696 sedeant

613 1753 647 1810 et
667 1749 828 1810 maneant
847 1741 1100 1824 Imperpetuum
1117 1733 1238 1801 Eciam
1253 1733 1330 1800 volo
1351 1743 1384 1800 et
1408 1734 1525 1801 ordino
1543 1736 1633 1820 quod
1648 1734 1760 1802 dictus
1777 1735 1973 1820 capellanus

614 1848 757 1935 singulis
783 1845 882 1915 annis
904 1843 1016 1912 obitus
1042 1841 1109 1908 mei
1136 1841 1281 1908 Placebo
1305 1849 1338 1907 et
1362 1840 1474 1926 derige
1497 1852 1596 1908 nocte
1619 1843 1820 1928 precedente
1843 1841 1972 1910 obitum

615 1973 730 2020 meum
746 1959 779 2018 et
795 1949 935 2016 missam
958 1946 993 2012 ln
1016 1943 1165 2013 crastino
1187 1944 1355 2012 celebrare
1377 1953 1533 2012 teneatur
1552 1945 1757 2014 TANDEM
1784 1947 1861 2015 volo
1884 1948 1973 2034 quod

615 2057 728 2124 dictus
749 2055 946 2141 capellanus
968 2049 1025 2138 quj
1049 2073 1109 2137 pro
1132 2059 1283 2135 tempore
1305 2049 1404 2116 fuerit
1428 2049 1585 2117 omnibus
1605 2049 1722 2120 diebus
1745 2051 1924 2119 dominicis
1939 2059 1973 2118 et

614 2161 748 2230 festinis
763 2183 803 2228 ac
814 2157 939 2245 vigiliis
953 2157 1135 2224 eorundem
1151 2155 1235 2223 assit
1251 2155 1389 2224 indutus
1405 2155 1639 2242 superpellicio
1655 2155 1689 2224 in
1706 2158 1808 2224 choro
1820 2157 1909 2224 dicte
1921 2179 1974 2224 ec-

617 2267 719 2334 clesie
741 2265 796 2333 uel
812 2263 847 2331 in
862 2264 964 2332 choro
980 2262 1059 2348 nouj
1077 2261 1208 2348 collegij
1231 2263 1274 2328 ad
1295 2261 1543 2347 beneplacitum
1565 2261 1692 2329 domini
1712 2263 1778 2330 mei
1798 2263 1973 2331 reuerendi

618 2369 769 2437 moderni
781 2379 814 2435 et
826 2366 1039 2435 dominorum
1052 2367 1093 2432 de
1103 2365 1251 2450 capitulo
1262 2375 1294 2431 et
1307 2365 1371 2431 hoc
1383 2374 1459 2450 post
1472 2367 1648 2433 decessum
1661 2389 1773 2435 meum
1791 2369 1972 2436 DEMUM

617 2473 694 2544 volo
709 2483 743 2540 et
759 2471 876 2538 ordino
892 2472 980 2555 quod
1004 2469 1137 2554 patroni
1152 2468 1242 2536 dicte
1257 2469 1444 2554 capellanie
1460 2479 1493 2536 et
1516 2491 1631 2536 eorum
1648 2471 1787 2556 quilibet
1803 2471 1918 2538 omnia
1940 2483 1974 2539 et

619 2578 753 2664 singula
778 2575 943 2663 premissa
969 2574 1004 2640 in
1030 2573 1187 2641 omnibus
1210 2583 1244 2640 et
1266 2595 1326 2660 per
1348 2573 1462 2640 omnia
1486 2584 1522 2641 ut
1545 2575 1733 2660 predictum
1757 2587 1808 2644 est
1832 2577 1976 2645 fideliter

619 2685 799 2750 obseruent
815 2689 849 2748 et
865 2680 1087 2766 perimpleant
1103 2701 1144 2746 ac
1159 2679 1330 2747 obseruari
1349 2689 1382 2746 et
1398 2679 1588 2766 perimpleri
1603 2683 1729 2751 faciant
1746 2693 1844 2770 prout
1860 2683 1924 2770 ipsi
1940 2693 1975 2751 et

618 2809 734 2854 eorum
747 2786 886 2872 quilibet
898 2807 958 2872 pro
970 2806 1007 2851 se
1019 2783 1054 2850 in
1066 2783 1252 2853 nouissimo
1264 2784 1418 2852 examine
1429 2786 1595 2854 voluerint
1607 2809 1666 2855 seu
1678 2789 1820 2856 voluerit
1832 2791 1976 2874 desuper

619 2893 836 2978 Respondete
852 2891 1066 2958 INSUPER
1087 2889 1203 2956 ordino
1219 2891 1308 2974 quod
1331 2889 1359 2956 si
1383 2889 1556 2976 contingat
1572 2901 1609 2958 ut
1625 2891 1713 2960 absit
1731 2893 1859 2961 dictum
1876 2893 1975 2960 colle-

617 2997 710 3084 gium
733 2997 874 3065 deficere
896 3004 930 3062 et
954 2993 1066 3062 Inhibi
1087 2993 1239 3062 diuinum
1263 2995 1408 3062 officium
1431 2997 1555 3064 cessari
1578 3009 1654 3084 post
1677 3021 1804 3067 annum
1827 3011 1861 3066 et
1886 3001 1974 3068 diem

618 3111 741 3170 extunc
751 3109 850 3188 prout
860 3121 991 3168 exnunc
1001 3099 1268 3168 econtradictum
1279 3100 1556 3170 Anniuersarium
1569 3113 1603 3171 et
1615 3103 1820 3190 stipendium
1832 3105 1973 3192 bursarij

618 3206 823 3294 incorporari
836 3205 922 3274 sicut
935 3208 976 3275 de
988 3203 1136 3292 presenti
1148 3203 1182 3271 in
1195 3227 1331 3292 corpore
1343 3206 1421 3273 vino
1433 3216 1467 3273 et
1479 3219 1624 3276 annecto
1636 3209 1777 3277 ecclesie
1789 3209 1975 3278 cathedrali

619 3310 834 3380 abirdonensi
850 3313 897 3378 Et
912 3312 1001 3396 quod
1019 3309 1107 3376 inter
1117 3307 1261 3376 vicarios
1279 3309 1372 3376 chori
1392 3319 1556 3395 quantum
1573 3313 1616 3379 ad
1632 3313 1902 3382 anniuersarium
1917 3315 1975 3381 fiet

619 3417 749 3504 equalis
764 3415 960 3485 distribucio
976 3416 1186 3482 obseruando
1202 3415 1466 3484 nichilhominus
1481 3427 1631 3485 tenorem
1648 3441 1708 3505 per
1723 3442 1777 3487 me
1791 3420 1920 3489 iactum
1937 3441 1976 3488 ac

613 3523 649 3590 si
664 3523 782 3591 fuisset
794 3523 829 3589 in
845 3523 918 3608 ipso
934 3519 1075 3607 collegio
1087 3529 1121 3586 et
1136 3543 1177 3587 ex
1188 3528 1270 3588 ωηο
1280 3520 1314 3586 in
1327 3521 1470 3589 ecclesia
1482 3523 1730 3603 cathedrallEt
1742 3535 1823 3594 ωηο
1839 3527 1976 3593 demum

621 3629 710 3713 quod
732 3626 820 3694 absit
843 3635 920 3714 post
943 3647 1070 3693 annum
1094 3634 1127 3692 et
1151 3625 1239 3692 diem
1256 3647 1276 3692 a
1292 3626 1486 3694 cessacione
1507 3627 1542 3694 in
1565 3629 1693 3698 lectura
1716 3639 1749 3698 et
1766 3630 1890 3699 diuinis
1912 3631 1977 3698 nisi

621 3753 681 3820 per
694 3731 919 3804 uniuersalem
942 3731 1078 3818 plagam
1094 3740 1176 3798 ωηο
1193 3731 1304 3798 dictus
1319 3733 1491 3800 bursarius
1506 3743 1540 3802 et
1557 3735 1608 3820 suj
1633 3759 1844 3805 successores
1862 3759 1978 3824 perpe·

621 3835 691 3904 tuis
705 3835 827 3905 tuturis
849 3835 1057 3922 temporibus
1075 3835 1266 3903 deseruient
1282 3836 1317 3903 in
1340 3837 1483 3905 ecclesia
1499 3839 1684 3906 cathedrali
1708 3841 1921 3909 abirdonensi
1944 3851 1978 3909 et

622 3943 766 4010 orabunt
782 3963 842 4029 pro
857 3963 912 4008 me
927 3950 960 4010 et
973 3939 1151 4008 animabus
1167 3941 1404 4027 suprascriptis
1419 3951 1456 4009 ut
1473 3942 1655 4028 predicitur
1671 3943 1750 4012 ITA
1761 3957 1876 4014 tamen
1889 3948 1978 4032 quod

623 4046 651 4114 si
678 4045 853 4134 contingat
880 4045 991 4132 ipsum
1018 4043 1198 4131 collegium
1225 4047 1266 4112 de
1288 4067 1378 4114 nouo
1404 4048 1599 4134 congregari
1626 4059 1659 4116 et
1688 4051 1800 4119 Inhibi
1826 4051 1978 4119 diuinum

622 4153 769 4220 officium
785 4163 820 4220 et
835 4151 948 4220 studia
963 4151 1135 4219 literarum
1152 4173 1192 4218 ac
1208 4161 1305 4218 actus
1321 4153 1490 4220 scolastici
1508 4153 1620 4222 Inhibi
1636 4155 1801 4224 excerceri
1816 4165 1898 4224 tunc
1914 4155 1980 4223 hiis

623 4281 691 4326 non
707 4258 921 4327 obstantibus
935 4257 1093 4324 fundacio
1109 4257 1190 4324 dicti
1206 4257 1347 4343 bursarij
1362 4267 1395 4325 et
1411 4259 1631 4346 anniuersarij
1649 4261 1751 4328 libere
1766 4261 1921 4329 redibunt
1937 4261 1979 4327 ad

625 4365 737 4452 ipsum
760 4363 939 4450 collegium
962 4372 999 4430 ut
1024 4385 1125 4448 supra
1148 4373 1380 4449 expressatum
1404 4374 1455 4432 est
1480 4365 1693 4433 INSUPER
1707 4365 1784 4433 volo
1807 4376 1840 4433 et
1864 4365 1980 4432 ordino

626 4471 716 4555 quod
738 4471 934 4556 capellanus
960 4478 1143 4554 perpetuus
1169 4469 1250 4536 dicti
1276 4469 1394 4536 altaris
1416 4479 1450 4537 et
1478 4471 1528 4556 suj
1554 4493 1767 4538 successores
1790 4481 1980 4539 sustentent

626 4575 831 4643 sufficienter
845 4585 878 4642 et
902 4583 1100 4660 supportent
1124 4575 1317 4642 Predictum
1332 4586 1564 4644 tenementum
1584 4577 1655 4644 siue
1678 4587 1803 4644 terram
1819 4587 1856 4646 ut
1874 4577 1981 4645 Indis·

625 4679 806 4768 tringlbilis
817 4691 851 4748 et
866 4691 1060 4749 constructa
1074 4683 1114 4747 Ιη
1125 4681 1274 4748 futurum
1292 4691 1487 4767 permaneat
1501 4683 1541 4748 In
1554 4681 1660 4751 Cuius
1673 4681 1736 4750 Rei
1747 4683 1980 4751 testimonium
