4490 5990
622 677 665 743 60
887 677 1019 744 Rentale
1039 676 1217 744 reddituum
1238 675 1349 744 altaris
1372 675 1455 742 beate
1476 674 1576 742 morie
1598 673 1733 762 uirgt'ms

625 849 766 918 australi
783 851 877 918 Inter
892 851 977 918 duos
991 859 1159 917 torrentes
1170 850 1413 918 descendentes
1428 850 1470 916 ad
1487 850 1625 916 domum
1641 857 1758 916 sancte
1773 845 1937 916 trinitatis
1947 857 1981 914 et

624 954 764 1024 inferius
781 954 1010 1022 molendinum
1027 975 1116 1022 nunc
1131 953 1279 1022 existens
1294 953 1329 1020 in
1345 953 1501 1022 manibus
1516 951 1647 1041 patricij
1719 973 1843 1020 nouem
1858 951 1984 1021 solidos

1220 1319 1390 1386 XXXIII.

400 1503 445 1556 [οι.
457 1489 509 1558 πὶ
623 1481 755 1548 Rentalc
770 1479 949 1549 reddituum
965 1479 1077 1548 altonis
1095 1479 1178 1548 beare
1196 1479 1296 1548 marie
1315 1477 1450 1566 virgins
1464 1478 1500 1546 r'n
1514 1477 1605 1546 choro
1622 1477 1755 1545 arobali
1771 1477 1891 1544 exterio
1906 1477 1987 1544 beati

709 1586 828 1654 nicolai
842 1585 935 1674 burgi
949 1585 985 1651 dr
1003 1584 1150 1652 aberdem
1162 1583 1286 1672 sactrrm
1301 1589 1430 1671 tempore
1444 1582 1632 1670 prepositure
1646 1582 1667 1648 I
1667 1581 1799 1650 ohamris
1814 1602 1889 1648 varo
1904 1601 1987 1683 armo

710 1692 833 1762 domini
852 1691 1018 1760 millesimo
1039 1689 1341 1778 quadringentesimo
1363 1687 1474 1776 xliiryr

984 1900 1027 1968 In
1046 1897 1217 1988 primicias
1238 1899 1305 1966 ur'co
1325 1897 1477 1988 superiorj
1497 1897 1616 1966 comte

401 2074 578 2144 mmm,
719 2041 751 2106 E
765 2048 857 2108 terra
874 2040 997 2126 robertj
1014 2041 1159 2108 valanch
1183 2061 1224 2108 ex
1245 2049 1342 2126 parte
1360 2039 1478 2108 boriali
1497 2039 1562 2124 vicj
1584 2037 1734 2106 eiusdem
1755 2037 1844 2106 Inter
1861 2045 1988 2105 terram

402 2155 546 2207 ¹1¹¹²⁰¹⁵²¹
761 2145 894 2214 Thome
917 2146 1005 2214 Club
1027 2167 1069 2213 ex
1090 2155 1187 2232 parte
1210 2144 1411 2214 occidentali
1438 2167 1479 2213 ex
1508 2153 1604 2231 parte
1626 2165 1693 2212 vna
1716 2152 1749 2210 et
1772 2163 1988 2211 communem

401 2207 603 2338 miipffl
626 2250 793 2320 venellam
808 2271 876 2338 qua
896 2247 964 2318 itur
985 2251 1028 2318 ad
1051 2249 1163 2320 laeum
1184 2250 1334 2320 eiusdem
1358 2249 1454 2338 burgi
1477 2271 1518 2319 ex
1540 2257 1636 2336 parte
1656 2247 1811 2317 orientali
1832 2257 1990 2334 exparte

401 2337 556 2456 ‘³⁰¹¹th
627 2355 735 2424 utera
1823 2352 1846 2438 ij
1864 2351 1990 2419 solidos

402 2419 521 2521 mam
715 2461 804 2526 Item
827 2461 981 2528 deterre
1003 2479 1105 2548 quam
1128 2479 1219 2527 nunc
1244 2467 1338 2526 tenet
1360 2459 1505 2526 andreas
1526 2457 1709 2526 thomsoun
1734 2465 1829 2524 sutor
1852 2458 1990 2523 Iacente

404 2534 530 2652 ffim
628 2585 670 2632 ex
698 2563 790 2632 dicta
819 2563 937 2632 boriali
966 2576 1062 2650 parte
1092 2564 1243 2633 eiusdem
1272 2563 1337 2648 vicj
1368 2561 1457 2630 inter
1485 2573 1611 2629 terram
1637 2560 1801 2629 Iohannis
1825 2559 1925 2629 traile
1950 2581 1992 2627 ex

404 2664 568 2782 Aggssffl‘
628 2677 726 2756 parte
755 2666 912 2736 orientali
940 2676 975 2735 ct
1004 2677 1130 2736 terram
1160 2669 1331 2756 quondam
1361 2667 1502 2755 Angusij
1535 2667 1614 2736 blak
1642 2689 1683 2736 ex
1712 2675 1809 2753 parte
1838 2665 1991 2734 occiden-

406 2796 531 2848 loannem
629 2772 691 2842 tali
1829 2793 1852 2838 v
1867 2769 1992 2837 solidos

404 2861 498 2914 ΜΝ
718 2877 807 2944 nem
831 2879 873 2946 ue
898 2885 988 2944 terra
1010 2875 1162 2944 allelmi
1188 2877 1291 2945 ficher
1317 2877 1377 2963 filij
1402 2875 1548 2963 ficharnj
1574 2875 1729 2945 excreta
1753 2875 1872 2945 sonan
1896 2885 1992 2960 parte

629 2981 718 3048 inter
741 2991 868 3050 terram
897 2981 1060 3050 Iohannis
1086 2991 1223 3050 stewart
1251 3004 1292 3049 ex
1318 2992 1414 3069 parte
1440 2982 1594 3068 orientalj
1623 2991 1656 3050 et
1680 2991 1805 3050 terram
1831 2981 1991 3048 heredum

628 3087 800 3174 quondam
816 3084 962 3171 nicholaj
980 3087 1127 3171 lorymar
1140 3107 1182 3152 ex
1197 3095 1293 3172 parte
1309 3085 1510 3154 occidentali
1914 3083 1959 3169 xij
1972 3083 1993 3150 d

717 3193 806 3260 Item
822 3191 864 3258 de
877 3199 967 3258 terra
985 3190 1143 3276 nicholaij
1166 3192 1209 3258 de
1224 3193 1366 3259 cambes
1385 3213 1486 3278 quam
1508 3189 1675 3259 inhabitat
1693 3192 1831 3259 Iacente
1846 3211 1888 3256 ex
1902 3189 1994 3256 dicta

630 3295 749 3367 boriali
779 3304 875 3383 parte
901 3294 966 3362 vici
993 3293 1134 3380 predicti
1161 3295 1250 3363 inter
1274 3305 1399 3363 terram
1428 3295 1592 3363 Iohannis
1622 3315 1803 3380 rogersoun
1831 3303 1993 3380 exparte

630 3399 786 3469 orientali
801 3409 835 3468 et
855 3409 981 3468 terram
1001 3399 1118 3466 thome
1139 3401 1278 3466 murreff
1295 3421 1336 3466 ex
1356 3409 1451 3486 parte
1470 3398 1672 3468 occidentali
1815 3398 1879 3486 vjs
1901 3397 1993 3484 viijd

948 3539 1101 3607 Redditus
1116 3539 1250 3608 amdam
1264 3539 1376 3608 altarr's
1390 3539 1426 3607 in
1441 3539 1508 3608 uico
1515 3539 1685 3632 sarcarum

722 3682 763 3750 In
789 3679 907 3768 primis
935 3682 978 3748 de
1007 3689 1098 3748 terra
1126 3679 1278 3748 vilhelmi
1307 3682 1410 3748 fichet
1436 3681 1495 3768 filij
1523 3681 1694 3769 quondam
1720 3677 1867 3746 nicholai
1892 3677 1995 3746 fichet

636 3787 775 3856 Iacente
787 3807 828 3854 ex
842 3784 1043 3854 occidentali
1058 3795 1155 3873 parte
1166 3783 1232 3852 vici
1247 3784 1388 3872 predicti
1400 3783 1489 3852 inter
1499 3795 1625 3854 terram
1641 3787 1705 3854 ade
1716 3785 1757 3852 de
1769 3781 1829 3850 hill
1845 3791 1996 3870 exparte

634 3891 753 3962 boriali
768 3900 802 3959 et
817 3900 941 3959 terram
956 3891 1073 3960 thome
1089 3892 1145 3978 lyp
1160 3913 1202 3958 ex
1216 3899 1312 3977 parte
1326 3889 1466 3975 australj
1745 3887 1767 3973 ij
1781 3885 1907 3954 solidos
1928 3887 1961 3972 vj
1974 3888 1996 3954 d

723 3999 812 4066 Item
835 3997 877 4066 de
899 4019 965 4065 vno
980 3997 1086 4066 croito
1103 3998 1242 4066 Iacente
1257 3997 1417 4066 adfinem
1433 3993 1595 4064 borialem
1610 3991 1691 4062 dicti
1705 3991 1771 4060 vici
1787 4015 1828 4060 ex
1842 3990 1997 4060 orientali

635 4111 733 4190 parte
755 4101 907 4172 eiusdem
930 4101 1018 4198 inter
1043 4103 1187 4170 croftum
1212 4102 1376 4170 Iohannis
1401 4101 1619 4172 bertlousoun
1643 4105 1801 4187 exparte
1823 4097 1941 4166 boriali
1963 4105 1997 4164 et

637 4209 781 4278 croitum
799 4209 962 4278 Iohannis
977 4209 1018 4277 de
1034 4207 1162 4295 scrogis
1177 4207 1283 4296 patris
1295 4231 1336 4276 ex
1347 4217 1443 4294 parte
1458 4207 1598 4292 australj
1700 4205 1722 4290 ij
1741 4197 1869 4273 solidos
1882 4213 1915 4270 et
1929 4201 1962 4289 vj
1976 4202 1998 4271 d

726 4315 815 4382 Item
839 4317 880 4382 de
906 4322 996 4382 terra
1023 4313 1208 4382 allexandri
1238 4335 1320 4400 gray
1343 4335 1445 4400 quam
1476 4311 1643 4380 inhabitat
1668 4311 1807 4376 Iacente
1830 4329 1871 4376 ex
1892 4305 1998 4374 on'en·

638 4417 700 4488 tali
720 4429 816 4506 parte
839 4419 905 4488 vici
931 4419 1073 4506 predicti
1099 4419 1188 4486 inter
1207 4428 1331 4486 terram
1357 4421 1481 4488 andree
1504 4415 1651 4502 benying
1676 4436 1717 4482 ex
1740 4423 1836 4499 parte
1859 4409 1999 4482 australi

639 4531 673 4592 ct
688 4533 815 4592 terram
831 4523 912 4592 dicti
928 4524 1114 4592 allexandri
1130 4547 1171 4592 ex
1185 4535 1282 4610 parte
1296 4525 1414 4593 boriali
1645 4519 1677 4608 vj
1696 4519 1822 4588 solidos
1836 4528 1870 4586 et
1886 4528 1962 4586 octo
1978 4518 2000 4584 d

727 4632 815 4698 Item
827 4631 869 4698 de
880 4640 971 4700 terra
982 4629 1098 4700 thome
1110 4630 1284 4717 blyndscle
1297 4633 1434 4699 iacente
1449 4629 1483 4696 in
1496 4629 1530 4716 ly
1541 4627 1715 4696 buthrawe
1725 4625 1791 4693 vici
1806 4623 1948 4712 predicti
1960 4643 2001 4690 ex
