4472 5992
615 693 659 761 44
789 677 890 746 Cana
914 675 1070 746 willelme·
1088 677 1126 744 de
1147 675 1284 746 Cassera
1304 675 1348 743 ad
1367 675 1468 742 altare
1487 675 1603 743 asmo
1623 673 1802 743 Kalamine

617 851 660 918 ad
682 849 846 918 terminos
864 849 960 938 regni
978 850 1115 919 usuales
1131 849 1289 918 videlicet
1309 847 1483 918 dimidiam
1504 857 1635 935 partem
1653 849 1698 918 ad
1715 849 1840 916 festum
1862 855 1978 935 penbe-

618 964 730 1022 oostes
744 964 778 1022 et
794 955 896 1024 uliam
919 955 1093 1024 dimidiam
1114 965 1246 1041 panem
1261 955 1306 1022 ad
1319 953 1444 1021 testum
1467 953 1586 1022 Sancti
1604 953 1742 1022 martini
1758 953 1799 1020 ln
1817 973 1917 1040 yeme
1935 955 1978 1021 de

618 1059 718 1126 terris
739 1059 862 1145 annuis
887 1061 1074 1130 redditibus
1097 1059 1296 1146 subscriptis
1310 1059 1466 1128 videlicet
1488 1061 1531 1128 de
1552 1079 1619 1130 vna
1641 1070 1732 1129 terra
1755 1062 1893 1128 iacente
1912 1075 1981 1146 que

617 1173 759 1232 vocatur
776 1163 832 1234 via
854 1165 995 1233 Inferior
1015 1165 1156 1234 ecclesie
1173 1187 1214 1233 ex
1233 1175 1330 1252 parte
1346 1166 1473 1234 boreali
1493 1165 1644 1234 eiusdem
1659 1165 1725 1234 vici
1742 1166 1831 1234 inter
1850 1175 1978 1244 terram

475 1341 476 1344 ,
618 1269 789 1354 quondam
811 1269 974 1338 Iohannis
990 1272 1080 1340 Crab
1099 1291 1141 1338 ex
1158 1280 1255 1356 parte
1274 1269 1430 1338 mientali
1450 1279 1484 1336 et
1504 1279 1631 1338 temam
1652 1273 1822 1357 quondam
1841 1267 1976 1358 gilberti

620 1374 773 1458 Kynross
787 1395 829 1441 ex
842 1384 939 1461 parte
953 1375 1154 1446 occidentali
1166 1375 1315 1462 quinque
1325 1375 1452 1444 solidos
1465 1379 1552 1444 Item
1564 1379 1684 1444 devnn
1693 1385 1786 1445 terra
1797 1397 1863 1462 que
1874 1395 1980 1461 quon·

432 1527 439 1544 .
491 1490 502 1524 ¹
619 1479 698 1546 dam
710 1479 773 1546 luit
784 1479 965 1548 Alexandri
976 1481 1018 1548 de
1032 1480 1127 1567 gicht
1142 1479 1177 1548 iu
1187 1479 1264 1549 vico
1278 1480 1380 1567 castri
1394 1480 1482 1548 inter
1493 1491 1618 1550 terram
1629 1483 1803 1568 quondam
1811 1478 1981 1550 Willelmi

619 1581 651 1648 le
673 1581 772 1650 leitht
797 1605 840 1651 ex
865 1593 961 1671 peste
987 1583 1143 1653 orientali
1165 1594 1199 1652 et
1221 1594 1347 1654 terram
1374 1586 1545 1671 quondam
1566 1586 1640 1653 Ade
1662 1584 1798 1671 pringill
1821 1605 1863 1652 ex
1883 1593 1981 1670 parte

493 1721 498 1730 ·
619 1685 821 1756 occidentali
840 1687 951 1756 decim
971 1689 1098 1757 solidos
1119 1691 1207 1757 Item
1223 1691 1371 1758 detersa
1388 1693 1526 1758 incente
1545 1689 1581 1758 in
1596 1690 1671 1758 uiso
1688 1689 1802 1776 Castrj
1822 1711 1864 1758 ex
1883 1698 1982 1776 parte

567 1839 573 1850 ,
620 1793 746 1862 boreali
759 1793 989 1862 eiusdemvici
1004 1793 1093 1862 inter
1106 1804 1233 1864 terram
1247 1795 1629 1882 fergnsiiAdeexparte
1640 1795 1980 1866 orientaliet‘terram
2096 1837 2120 1862 ,.

620 1901 790 1986 quondam
814 1899 978 1968 Iohannis
1000 1921 1113 1988 penny
1130 1923 1172 1970 ex
1193 1911 1290 1988 parte
1312 1901 1515 1972 occidentali
1535 1901 1656 1988 viginti
1678 1901 1805 1970 solidos
1827 1905 1917 1968 Item
1939 1902 1982 1970 de

619 2015 709 2074 terra
728 2025 832 2092 quam
853 2008 894 2074 de
914 2027 970 2074 me
989 2016 1084 2074 tenet
1106 2007 1272 2094 galindus
1291 2008 1460 2078 aurifaber
1483 2011 1621 2078 iacente
1640 2007 1677 2076 in
1697 2008 1765 2076 fine
1783 2007 1850 2075 vici
1866 2007 1982 2076 Castri

620 2109 656 2178 in
678 2109 835 2196 opposito
857 2111 899 2178 de
922 2111 954 2178 le
976 2111 1143 2198 schipraw
1165 2111 1255 2180 inter
1276 2121 1402 2180 terram
1426 2115 1596 2198 quondam
1621 2113 1787 2180 Iohannis
1810 2113 1919 2199 stoyle
1942 2135 1983 2179 ex

621 2223 718 2300 parte
741 2215 882 2284 australi
909 2225 943 2284 et
969 2225 1094 2284 terram
1124 2215 1253 2286 domini
1278 2215 1460 2286 Alexandri
1478 2219 1529 2284 de
1555 2217 1775 2303 Kyndeloche
1797 2215 1914 2302 vicarij
1942 2219 1984 2284 de

621 2319 791 2390 hbirdene
816 2341 858 2388 ex
881 2329 978 2408 parte
1001 2321 1127 2390 boreali
1150 2321 1320 2390 sexdecim
1343 2322 1470 2392 solidos
1492 2331 1526 2390 et
1548 2332 1626 2390 octo
1648 2321 1806 2390 denarios
1829 2324 1918 2390 Item
1941 2323 1983 2390 de

621 2445 688 2494 vno
709 2425 815 2494 croito
836 2427 925 2511 quod
941 2427 983 2494 de
997 2447 1053 2494 me
1070 2436 1164 2494 tenet
1185 2426 1284 2494 heres
1303 2428 1475 2512 quondam
1496 2425 1660 2494 Iohannis
1675 2427 1871 2496 Corbrande
1890 2425 1985 2494 iuxta

622 2531 656 2618 ly
670 2530 879 2617 gallouhillis
899 2543 970 2600 tres
993 2531 1119 2600 solidos
1139 2541 1173 2600 et
1193 2541 1338 2619 quatuor
1357 2532 1514 2602 denarios
1538 2535 1626 2600 item
1644 2541 1737 2600 terra
1754 2553 1857 2618 quem
1873 2533 1916 2599 de
1931 2549 1986 2598 me

622 2645 716 2704 tenet
741 2636 951 2724 Nioholsyus
966 2638 1008 2706 de
1148 2638 1217 2720 (sic)
1237 2639 1279 2706 In
1294 2637 1369 2706 vieo
1391 2637 1531 2706 nauium
1554 2637 1643 2704 inter
1664 2646 1791 2704 terrem
1814 2637 1984 2722 quondam

623 2741 741 2810 thome
762 2741 805 2810 de
828 2763 903 2810 mar
924 2761 966 2810 ex
988 2749 1085 2828 parte
1107 2741 1233 2812 boreali
1256 2751 1290 2810 et
1313 2751 1440 2810 terram
1463 2741 1636 2828 quondam
1656 2739 1739 2810 dicti
1760 2740 1920 2827 nicholaij
1944 2759 1987 2808 ea

625 2857 722 2933 parte
735 2847 878 2916 australi
892 2858 963 2916 tres
977 2848 1105 2918 solidos
1118 2859 1153 2916 et
1168 2856 1314 2933 quatuor
1325 2847 1482 2918 denarios
1495 2850 1583 2916 Item
1599 2848 1641 2916 de
1655 2868 1722 2916 vna
1738 2855 1831 2914 terra
1848 2847 1988 2916 iacente

623 2951 662 3020 in
683 2951 759 3022 vico
781 2975 847 3038 que
868 2963 1010 3022 vocatur
1032 2951 1287 3040 netherkirkgat
1310 2973 1352 3020 ex
1373 2963 1470 3039 parte
1490 2951 1633 3022 australi
1650 2949 1804 3020 eiusdem
1818 2950 1884 3020 vici
1899 2950 1988 3020 Inter

626 3065 752 3124 terram
776 3059 946 3143 quondam
969 3057 1094 3144 moritij
1119 3057 1244 3126 Sucide
1267 3057 1398 3126 sclexar
1417 3079 1459 3126 ex
1476 3065 1573 3145 parte
1594 3055 1796 3124 occidentali
1808 3065 1846 3124 et
1860 3065 1988 3126 tecum

630 3161 771 3232 Roberti
786 3165 829 3231 de
843 3163 1024 3250 gametuly
1045 3185 1087 3230 ex
1108 3171 1206 3249 parte
1228 3161 1385 3232 orientali
1400 3183 1523 3230 nouem
1542 3159 1673 3230 solidos
1693 3169 1729 3230 et
1752 3179 1811 3230 aex
1831 3158 1991 3228 emulos

632 3269 720 3334 Item
736 3269 778 3336 de
792 3289 860 3336 vna
882 3278 973 3337 terra
997 3269 1134 3336 Iacente
1149 3267 1185 3334 in
1200 3265 1275 3336 vico
1295 3267 1468 3336 furcarum
1491 3288 1532 3336 ex
1551 3275 1648 3352 parte
1667 3263 1824 3333 orientali
1839 3263 1990 3332 eiusdem

630 3377 725 3442 Inter
753 3383 880 3443 terram
911 3375 1082 3461 quondam
1111 3375 1228 3442 thome
1258 3375 1401 3461 ·springe
1430 3395 1472 3442 ex
1501 3382 1597 3460 parte
1630 3369 1771 3440 australi
1801 3379 1835 3438 et
1864 3379 1990 3438 terram

629 3477 786 3565 laurentij
810 3481 853 3547 de
875 3477 975 3546 leitht
996 3499 1039 3546 ex
1060 3489 1157 3564 parte
1180 3478 1306 3547 boreali
1320 3477 1441 3564 viginti
1462 3479 1549 3546 duos
1571 3475 1697 3543 solidos
1710 3483 1746 3542 et
1762 3495 1821 3542 sex
1835 3473 1991 3544 denanos

530 3649 532 3654 .
631 3585 719 3651 Item
741 3585 784 3650 de
802 3603 869 3651 vno
893 3583 999 3651 crofto
1024 3585 1161 3650 lacento
1183 3605 1225 3650 ex
1246 3591 1344 3670 purte
1365 3581 1568 3650 occidentali
1589 3583 1633 3648 de
1654 3579 1689 3667 ly
1705 3580 1879 3648 denbume
1902 3581 1991 3664 quod
2049 3627 2062 3636 .

629 3697 772 3755 vocatur
786 3688 927 3774 grethed
942 3698 977 3755 et
992 3689 1035 3756 de
1049 3707 1116 3756 vno
1131 3689 1238 3756 croito
1253 3688 1347 3756 iuxta
1361 3687 1503 3775 grethed
1518 3707 1560 3754 ex
1574 3695 1671 3772 parte
1685 3683 1888 3753 occidentali
1903 3685 1992 3770 quod

629 3791 694 3859 luit
709 3794 880 3878 quondam
897 3791 1063 3860 Iohannis
1077 3793 1201 3880 Collinj
1227 3794 1273 3862 Et
1288 3795 1331 3860 de
1345 3813 1412 3860 vno
1435 3792 1541 3860 orosto
1557 3793 1695 3859 lacense
1709 3791 1754 3858 ad
1768 3789 1872 3858 linem
1885 3809 1992 3876 quon·

630 3889 713 3965 dam
735 3896 833 3964 crolti
854 3895 972 3966 thome
986 3899 1029 3966 de
1044 3915 1119 3965 mar
1142 3897 1231 3964 inter
1252 3897 1397 3966 croltum
1416 3898 1587 3983 quondam
1611 3893 1775 3963 IohannIs
1786 3895 1833 3963 de
1847 3895 1937 3965 Crob
1950 3913 1993 3963 ex

633 4011 731 4090 parte
745 4001 901 4070 orientali
923 4011 957 4070 et
976 4021 1082 4070 vnum
1104 4002 1249 4070 eroftum
1271 4003 1415 4072 fratrum
1437 4001 1690 4070 carmelitarum
1708 4003 1753 4068 de
1766 3999 1937 4070 Abirdene
1951 4019 1994 4069 ex

634 4117 730 4195 parce
743 4107 946 4176 occidentali
961 4107 1082 4195 viginti
1097 4107 1224 4176 solidos
1246 4111 1333 4176 Item
1348 4109 1391 4176 de
1405 4108 1513 4176 crofto
1528 4108 1617 4193 quod
1632 4115 1773 4174 vocatur
1787 4103 1994 4192 gallouhillis

632 4233 675 4280 ex
686 4221 784 4298 parte
796 4211 953 4280 orientali
969 4212 1066 4299 burgi
1081 4222 1116 4282 et
1127 4233 1194 4281 vno
1209 4213 1316 4282 crofto
1327 4213 1417 4299 quod
1427 4221 1569 4282 vocabar
1583 4211 1750 4298 langorcft
1763 4210 1854 4279 Inter
1866 4221 1993 4281 terram

633 4317 750 4384 thome
776 4317 918 4404 leray
943 4337 985 4384 ex
1010 4328 1108 4403 parte
1137 4319 1278 4405 australi
1305 4328 1340 4386 et
1368 4319 1514 4386 ercitum
1540 4319 1711 4404 quondam
1743 4317 1907 4388 Iohannis
1932 4317 1992 4406 filij

634 4423 768 4490 Andros
779 4421 900 4508 viginti
911 4420 1038 4492 solidos
1051 4423 1194 4492 Itemde
1207 4421 1706 4510 orostisqueEmijanhanne
1717 4422 1849 4490 medico
1859 4421 1994 4510 anglico

634 4527 729 4594 iuxta
759 4527 793 4612 ly
822 4527 962 4596 stokrud
992 4527 1027 4594 in
1061 4529 1096 4614 ly
1125 4531 1298 4597 denhurne
1331 4539 1365 4598 et
1398 4531 1441 4597 ad
1474 4529 1578 4596 finem
1608 4527 1723 4596 Castri
1757 4527 1921 4595 Iohannis
1952 4530 1995 4597 de

633 4631 780 4700 reasiust
806 4635 896 4717 quod
920 4643 1061 4700 vocatur
1084 4635 1120 4719 ly
1147 4635 1311 4702 Kilecroit
1333 4645 1482 4719 quatuor
1501 4634 1632 4701 solidos
1661 4635 1750 4700 Item
1768 4635 1815 4700 de
1833 4633 1995 4700 offlam
