4490 5990
556 695 598 762 9²
874 668 1035 736 Fundotio
1057 667 1168 733 altaris
1191 667 1302 734 Sancti
1324 667 1450 734 Aordrcc
1471 669 1615 755 Apostoli

556 845 682 917 balliuo
699 841 871 912 antedicto
886 863 926 910 ac
942 843 1059 910 datore
1077 839 1201 908 saisine
1217 861 1406 908 annuorum
1420 841 1633 910 'Reddituum
1654 843 1915 930 prescriptorum

556 953 691 1020 Thoma
714 949 861 1019 branche
881 947 1033 1016 Iohanne
1056 945 1229 1033 balcromy
1242 945 1432 1016 Alexandro
1453 947 1560 1014 haser
1581 947 1616 1014 in
1638 948 1736 1035 luthy
1752 947 1918 1035 phillippo

558 1055 709 1126 dunbrek
732 1063 774 1121 et
792 1052 944 1120 Iohanne
966 1053 1077 1120 Waus
1101 1051 1232 1118 seniore
1254 1052 1385 1120 duobus
1398 1051 1643 1137 xseriandorum
1668 1074 1746 1120 cum
1773 1053 1915 1122 diuersis

558 1162 635 1232 ³¹1¹ss
646 1268 788 1334 Summa
803 1263 904 1331 huius
918 1263 984 1350 xlvj
997 1285 1014 1328 s
1031 1262 1087 1349 viij
1100 1264 1121 1330 d

1208 1521 1269 1588 LI.

338 1714 448 1767 sensate
612 1705 644 1772 N
668 1700 787 1790 primis
808 1721 875 1770 vna
896 1707 986 1769 terra
1010 1700 1132 1768 Iacens
1153 1697 1188 1766 in
1210 1697 1285 1766 vico
1306 1697 1476 1766 furcarum
1498 1699 1639 1768 lundata
1664 1722 1723 1786 per
1744 1703 1915 1786 quondam

339 1780 529 1913 fflssnsjmj
570 1707 602 1866 Ι
656 1807 860 1894 stephanum
871 1806 914 1873 de
926 1804 1055 1874 balroin
1067 1805 1128 1872 xls
1144 1805 1190 1872 Et
1202 1806 1243 1871 de
1257 1803 1324 1872 alia
1338 1814 1429 1872 terra
1440 1804 1472 1890 vj
1487 1805 1611 1873 merkis
1623 1827 1688 1892 que
1703 1815 1755 1873 est
1767 1807 1917 1875 totaliter

559 1923 657 1984 vasta
681 1915 769 1980 Item
783 1913 834 1990 ¹de
855 1919 945 1978 terra
967 1919 1065 1978 vasta
1087 1911 1257 1996 quondam
1282 1910 1450 1995 Ingeramj
1476 1911 1684 1977 bannerman
1707 1909 1741 1976 in
1765 1911 1838 1996 luty
1854 1911 1916 1996 vjs

559 2020 616 2106 viij
637 2021 658 2088 d
678 2021 766 2086 Item
789 2019 831 2086 de
853 2026 942 2084 terra
967 2016 1105 2103 Robertj
1131 2037 1266 2102 murray
1280 2015 1315 2082 in
1330 2015 1405 2083 vico
1424 2015 1594 2082 furcarum
1618 2015 1674 2100 xiij
1692 2038 1709 2082 s
1724 2015 1771 2101 iiij
1788 2017 1810 2082 d
1828 2017 1915 2082 Item

560 2127 602 2194 de
622 2134 713 2192 terra
729 2123 899 2209 quondam
915 2122 1080 2192 Willelmi
1103 2143 1187 2208 nory
1201 2121 1336 2208 penitus
1350 2130 1449 2189 vasta
1463 2121 1495 2206 vj
1508 2143 1525 2186 s
1538 2120 1595 2206 viij
1613 2123 1634 2188 d
1652 2123 1740 2188 Item
1763 2123 1804 2188 de
1826 2131 1917 2189 terra

561 2229 732 2316 quondam
745 2226 872 2312 mathej
886 2225 1022 2296 Wrieht
1034 2227 1069 2294 in
1081 2227 1112 2294 le
1123 2235 1271 2312 gastraw
1282 2225 1338 2312 xiij
1351 2247 1367 2292 s
1383 2225 1429 2311 iiij
1442 2227 1463 2294 d
1480 2227 1568 2292 Item
1581 2228 1622 2293 de
1634 2226 1740 2293 crofto
1751 2225 1917 2294 Willelmi

562 2355 697 2418 murray
712 2331 770 2417 ijs

562 2425 565 2434 ’
649 2439 791 2506 Summa
806 2437 908 2506 huius
918 2459 940 2504 x
952 2435 1074 2504 mercis
1088 2435 1166 2504 inde
1181 2436 1349 2522 integrum
1364 2443 1597 2504 tenementum
1613 2435 1725 2504 deficit
1738 2438 1781 2505 ad
1792 2445 1917 2504 terram

561 2540 785 2630 prosternitur
805 2550 839 2608 et
860 2550 995 2608 vastum
1018 2549 1070 2606 eet
1086 2543 1128 2607 ad
1143 2541 1291 2606 valorem
1312 2539 1344 2625 vj
1370 2540 1495 2606 merkis
1518 2543 1564 2608 Et
1589 2543 1630 2608 In
1652 2541 1726 2627 futy
1744 2542 1806 2628 sq's
1826 2543 1918 2628 viijd
2006 2579 2010 2588 ·

561 2655 698 2716 vastum
713 2655 747 2714 et
762 2647 804 2714 de
819 2655 908 2714 terra
923 2645 1089 2716 Willelmi
1105 2667 1188 2731 nory
1202 2645 1234 2731 vj
1248 2668 1264 2712 s
1278 2644 1335 2730 viij
1353 2646 1374 2712 d
1389 2655 1524 2714 vastum

1202 2961 1284 3028 LII.

880 3099 1041 3168 Fundario
1060 3099 1171 3168 altoris
1193 3101 1305 3169 Sancti
1323 3102 1450 3170 Aodrcc
1468 3103 1613 3192 Apostoli

662 3239 850 3308 MNIBUS
866 3239 955 3307 hanc
967 3241 1107 3310 Cartam
1116 3239 1239 3309 visuris
1253 3241 1308 3309 uel
1324 3243 1489 3311 audituris
1506 3245 1679 3311 Reeardus
1695 3246 1736 3312 de
1747 3247 1921 3316 ruderiurd

704 3343 882 3432 burgensis
911 3345 1008 3432 burgi
1038 3347 1079 3415 de
1109 3345 1246 3414 abirden
1276 3347 1421 3416 salutem
1452 3348 1487 3416 in
1517 3349 1654 3418 domino
1680 3353 1921 3438 sempiternam

567 3451 691 3519 Sciatis
728 3473 783 3518 me
819 3450 933 3519 diuine
966 3449 1118 3518 caritatis
1155 3451 1280 3520 intuitu
1313 3463 1347 3520 et
1385 3475 1445 3539 pro
1483 3453 1592 3522 salute
1629 3455 1741 3524 anime
1778 3479 1852 3524 mee
1889 3466 1923 3525 et

567 3556 709 3624 mariote
732 3575 855 3642 sponse
878 3577 952 3622 mee
974 3564 1152 3640 parentum
1175 3565 1209 3622 et
1230 3566 1482 3626 antecessorum
1505 3579 1546 3626 ac
1569 3559 1713 3644 prolium
1736 3570 1770 3628 et
1792 3583 1923 3630 succes·

567 3683 681 3730 eorum
697 3671 889 3730 nostrorum
905 3671 939 3728 et
955 3661 1106 3729 omnium
1129 3663 1278 3731 fidelium
1303 3664 1536 3731 defunctorum
1560 3665 1692 3734 dedisse
1715 3669 1923 3736 concessisse

441 3753 445 3762 ¹
567 3789 608 3838 ac
641 3767 789 3855 presenti
821 3777 915 3836 carta
949 3789 1026 3835 mea
1060 3767 1252 3854 assignasse
1287 3770 1362 3835 Deo
1395 3778 1429 3836 et
1463 3771 1560 3838 beate
1592 3772 1698 3840 marie
1727 3772 1850 3858 virgini
1883 3795 1923 3842 ac

568 3873 725 3941 omnibus
747 3871 875 3940 sanctis
897 3881 931 3940 et
954 3871 1145 3958 specialiter
1167 3874 1266 3941 beato
1281 3875 1405 3942 andree
1420 3874 1575 3960 apostolo
1590 3877 1632 3943 ad
1651 3876 1758 3944 altare
1773 3877 1923 3946 eiusdem

569 3977 697 4045 cituato
726 3975 761 4043 in
792 3977 935 4044 ecclesia
956 3977 1142 4063 parochiali
1165 3978 1255 4048 beati
1278 3978 1447 4066 nycholaii
1470 3979 1566 4066 burgi
1588 3980 1729 4066 predicti
1752 4003 1793 4050 ae
1815 3981 1925 4068 capel·

569 4081 648 4150 lano
670 4079 794 4148 ibidem
817 4081 932 4150 diuina
955 4081 1130 4150 celibranti
1146 4092 1179 4152 et
1199 4093 1360 4170 perpetuo
1375 4084 1576 4154 celibraturo
1591 4106 1710 4152 omnes
1725 4094 1758 4153 et
1774 4085 1926 4170 singulos

569 4208 701 4256 annuos
715 4186 866 4255 redditus
881 4186 979 4256 inffra
994 4187 1138 4274 scriptos
1152 4189 1308 4258 videlicet
1325 4211 1429 4258 vnum
1450 4209 1600 4260 annuum
1623 4189 1791 4259 redditum
1806 4189 1925 4277 viginti

570 4291 754 4360 solidorum
784 4293 965 4361 leuandum
995 4295 1172 4364 annuatim
1202 4296 1244 4364 de
1273 4297 1419 4382 quadam
1448 4306 1537 4364 terra
1567 4317 1643 4364 mea
1674 4297 1811 4364 Iacente
1840 4295 1926 4364 infra
1979 4289 1985 4297 ’

570 4401 713 4485 burgum
736 4399 924 4485 predictum
940 4401 974 4468 in
990 4402 1065 4470 vico
1082 4423 1148 4488 quo
1170 4404 1244 4471 Itur
1260 4425 1378 4472 versus
1397 4405 1536 4472 domum
1554 4404 1694 4472 fratrum
1713 4404 1811 4470 beate
1833 4402 1926 4469 trini-

475 4539 480 4553 .
570 4504 654 4570 tatis
668 4503 818 4572 eiusdem
835 4505 929 4593 burgj
947 4528 988 4574 ex
1002 4516 1099 4592 parte
1114 4507 1239 4576 boreali
1254 4507 1405 4576 eiusdem
1420 4507 1508 4576 inter
1522 4519 1646 4576 terram
1661 4507 1813 4574 vilhelmi
1827 4517 1926 4576 vocat

572 4629 613 4676 ex
635 4620 731 4698 parte
753 4609 908 4682 orientali
924 4633 964 4680 ex
978 4633 1045 4682 vna
1060 4620 1094 4680 et
1112 4622 1236 4684 terram
1259 4614 1387 4683 domini
1402 4613 1553 4684 vilhelmi
1578 4613 1679 4682 Roiss
1701 4612 1868 4702 capellani
1886 4635 1928 4682 ex
