4488 5996
1367 0 1378 1 ⁴
1469 2 1675 9 *W
1689 4 2236 205 “m-*Q

2234 155 2236 164 a

2198 211 2207 230 b

664 686 1099 778 summatum
1120 687 1257 754 mmm
1578 687 1639 754 261

275 881 335 946 per
356 861 522 946 prefatum
538 859 700 928 vicarium
720 871 754 928 et
775 860 969 946 capellanos
991 859 1084 929 chori
1107 859 1269 928 antedicti
1291 859 1442 944 vnanimj
1468 880 1635 928 consensu

276 965 411 1033 condita
427 967 642 1032 confirmaret
659 977 692 1033 et
708 969 826 1034 eadem
839 975 932 1034 certa
943 987 1031 1054 pena
1042 967 1168 1034 vallare
1180 987 1323 1052 quorum
1340 965 1475 1052 quidem
1492 975 1635 1034 statuto-

274 1089 349 1136 rum
365 1079 500 1136 tenores
515 1079 702 1156 sequuntur
715 1070 803 1138 tales

363 1174 538 1260 Inprimis
562 1175 686 1242 Prefati
709 1173 867 1242 dominus
888 1173 1035 1243 vicarius
1057 1183 1091 1242 et
1115 1173 1280 1260 capellanj
1298 1173 1479 1261 subscripti
1502 1173 1634 1242 ordina·

275 1287 397 1344 uerunt
412 1289 446 1344 et
463 1287 654 1346 statuerunt
670 1287 707 1346 ut
723 1279 883 1364 deinceps
898 1279 1064 1364 capellani
1080 1279 1165 1346 infra
1181 1279 1309 1346 dictum
1325 1278 1466 1344 chorum
1482 1287 1634 1363 tempore

275 1381 465 1450 diuinorum
492 1393 623 1450 attente
649 1385 827 1452 attendant
854 1387 897 1452 ad
924 1384 1076 1452 diuinum
1103 1383 1283 1452 seruicium
1309 1384 1547 1452 celebrandum
1573 1405 1633 1450 seu

274 1489 481 1554 cantandum
497 1497 531 1554 et
547 1509 614 1554 non
630 1487 776 1556 inuicem
800 1489 1058 1556 confabulentur
1073 1489 1119 1554 Et
1135 1487 1164 1554 si
1181 1487 1302 1573 aliquis
1318 1487 1352 1554 in
1368 1489 1433 1554 hoc
1455 1487 1633 1573 culpabilis

274 1601 390 1676 reptus
398 1593 497 1660 fucrit
507 1603 541 1660 ct
551 1603 687 1662 notetur
696 1594 724 1660 si
735 1593 797 1662 sibi
808 1595 1011 1681 adiungatur
1020 1605 1057 1662 ut
1067 1593 1157 1660 dicat
1167 1603 1351 1679 antequam
1361 1594 1632 1660 remoueatsede

274 1697 417 1765 ecclesia
426 1699 491 1766 nisi
501 1699 697 1766 infirmitate
706 1700 974 1767 astrictusfuerit
983 1721 1087 1766 vnum
1097 1709 1299 1766 nocturnum
1310 1698 1459 1785 psaltcn'j
1471 1697 1630 1782 dominicj
1676 1729 1680 1736 ·

362 1803 450 1868 Item
471 1805 560 1888 quod
575 1804 689 1870 nullus
711 1813 862 1888 tempore
885 1803 1075 1870 diuInorum
1099 1802 1238 1868 chorum
1262 1801 1335 1868 sine
1358 1801 1476 1869 habitu
1499 1800 1631 1868 decenti

274 1913 308 1972 ct
323 1905 470 1972 clericali
485 1905 694 1991 ingrediatur
709 1907 772 1973 sub
787 1925 874 1991 pena
890 1915 1035 1990 quatuor
1048 1903 1262 1971 denariorum

362 2011 450 2076 Item
466 2011 555 2096 quod
571 2009 695 2095 singuli
718 2009 884 2095 capellanj
904 2009 1023 2096 prefati
1046 2009 1139 2076 chori
1163 2007 1308 2074 ministri
1324 2008 1472 2094 quolibet
1491 2009 1632 2076 sabbato

275 2113 453 2180 matutinis
467 2113 573 2180 finitis
589 2115 706 2181 statim
722 2113 823 2180 simul
849 2114 1054 2182 conueniant
1081 2114 1115 2180 in
1142 2113 1291 2199 capitulo
1313 2113 1402 2180 dicte
1425 2111 1566 2180 ecclesie
1588 2113 1632 2180 ad

274 2218 476 2288 audiendam
492 2220 645 2288 tabulam
662 2219 727 2304 legi
743 2219 894 2286 defectus
909 2219 1027 2306 punire
1038 2229 1072 2286 et
1084 2219 1151 2286 alia
1163 2217 1400 2286 concernentia
1416 2219 1631 2284 commodum

274 2333 308 2390 et
319 2323 532 2392 honestatem
543 2325 631 2392 dicte
644 2324 784 2392 ecclesie
796 2347 856 2410 pro
866 2347 927 2410 pro
941 2325 1010 2409 [sic]
1025 2325 1215 2410 septimana
1224 2325 1337 2391 futura
1349 2323 1515 2410 prouideri
1525 2325 1632 2390 deter-

275 2427 395 2496 minari
407 2439 440 2496 ct
453 2429 608 2498 concludi
621 2431 683 2495 sub
696 2451 782 2515 pena
794 2429 970 2496 duodecim
987 2429 1200 2496 denariorum
1217 2428 1251 2494 in
1267 2439 1422 2496 curatum
1439 2437 1472 2494 ct
1488 2437 1632 2514 quatuor

274 2533 486 2600 denariorum
517 2533 551 2600 in
582 2533 765 2620 quemlibet
796 2534 1008 2619 capellanum
1039 2543 1073 2600 et
1098 2533 1198 2600 vnius
1224 2532 1350 2618 denarij
1382 2531 1416 2598 in
1447 2533 1630 2618 quemlibet

273 2659 414 2724 puerum
430 2661 490 2726 pro
505 2649 657 2726 tempore
672 2639 874 2706 existentem

361 2747 449 2812 Item
468 2747 557 2832 quod
580 2745 728 2830 quolibet
744 2747 885 2813 sabbato
908 2745 942 2812 in
965 2745 1114 2830 capitulo
1134 2743 1302 2830 eligantur
1323 2753 1357 2810 et
1380 2741 1632 2810 constituantur

273 2847 340 2914 duo
354 2859 510 2916 cantores
526 2849 582 2935 qui
598 2851 769 2917 habebunt
791 2851 941 2936 regimen
960 2849 1052 2916 chori
1068 2871 1128 2936 pro
1150 2849 1209 2916 illa
1231 2847 1401 2915 ebdomita
1416 2847 1473 2934 qui
1488 2847 1632 2914 fideliter

274 2948 402 3017 similes
428 2951 578 3018 defectus
604 2951 838 3038 contingentes
864 2961 1015 3038 tempore
1038 2951 1228 3018 diuinorum
1252 2953 1418 3018 notabunt
1441 2959 1474 3018 ct
1497 2951 1573 3018 illos
1595 2951 1630 3018 in

274 3053 424 3139 capitulo
442 3063 476 3120 et
498 3053 658 3122 sabbatis'
670 3057 820 3141 pandant
845 3077 905 3122 seu
926 3055 1071 3122 referant
1095 3063 1128 3120 et
1151 3053 1291 3140 quilibet
1314 3063 1432 3121 cantor
1453 3075 1513 3140 pro
1535 3065 1631 3139 parte

274 3179 333 3226 seu
356 3159 461 3227 latere
484 3181 545 3227 suo
568 3159 698 3226 notabit
722 3159 873 3227 defectus
895 3169 929 3226 et
953 3158 1108 3226 similiter
1133 3157 1302 3245 eligantur
1323 3157 1512 3226 administri
1536 3159 1629 3226 chori

273 3283 333 3348 pro
348 3263 540 3348 septimana
554 3265 667 3330 futura
683 3264 863 3350 necessarij

361 3371 448 3435 Item
465 3371 553 3454 quod
569 3369 650 3436 dicti
667 3369 832 3455 capellanj
856 3371 1013 3436 absentes
1029 3389 1089 3454 pro
1103 3378 1255 3454 tempore
1270 3377 1304 3436 et
1320 3367 1468 3454 ipsorum
1490 3367 1629 3454 quilibet

224 3527 227 3535 .
273 3483 413 3560 excepta
428 3473 635 3541 infirmitatis
647 3497 751 3541 causa
763 3477 924 3561 deputent
938 3485 971 3541 et
984 3475 1123 3560 quilibet
1139 3473 1288 3559 ipsorum
1301 3475 1438 3560 deputet
1455 3485 1628 3542 cantorem

275 3577 496 3646 sufficientem
513 3601 573 3665 pro
589 3601 625 3645 se
641 3579 789 3664 alioquin
805 3579 1016 3665 reputabitur
1030 3601 1090 3664 pro
1106 3581 1246 3646 absente

360 3687 447 3752 Item
478 3685 506 3752 si
537 3687 592 3772 quj
624 3685 789 3772 capellanj
822 3707 881 3752 seu
911 3685 1107 3771 capellanus
1136 3695 1288 3772 tempore
1317 3683 1507 3751 diuinorum
1534 3695 1629 3754 extra

273 3789 413 3856 chorum
444 3799 564 3856 exeant
595 3811 655 3856 seu
685 3788 796 3874 quiuis
826 3810 941 3855 eorum
972 3797 1068 3856 exeat
1098 3787 1235 3854 licentia
1265 3787 1403 3853 minime
1432 3787 1539 3872 petita
1568 3799 1628 3857 aut

272 3895 411 3962 obtenta
426 3905 459 3962 et
476 3915 543 3962 non
560 3895 677 3962 statim
693 3903 880 3962 reuertetur
900 3893 965 3960 nisi
988 3893 1185 3961 infirmitate
1207 3893 1410 3979 impediatur
1431 3903 1629 3979 reputentur

272 4008 306 4066 et
322 3999 461 4086 quilibet
477 4022 592 4068 eorum
608 4009 784 4087 reputatur
798 4021 858 4087 pro
877 4001 1018 4068 absente

361 4107 448 4172 Item
472 4105 501 4172 si
524 4106 671 4192 aliquem
693 4105 861 4174 dictorum
885 4105 1136 4192 capellanorum
1154 4103 1254 4170 rixari
1269 4113 1422 4189 tempore
1437 4101 1626 4170 diuinorum

272 4209 447 4296 contingat
470 4221 503 4278 et
527 4211 561 4278 in
584 4211 648 4279 hoc
671 4221 810 4278 notatus
831 4211 930 4278 fuerit
954 4233 1014 4296 pro
1030 4209 1178 4296 quolibet
1194 4209 1325 4275 defectu
1341 4207 1527 4276 satisfaciat
1543 4209 1629 4274 duos

272 4313 397 4380 solidos
413 4315 604 4382 communie
620 4315 840 4401 applicandos
855 4325 889 4382 et
901 4315 935 4382 id
947 4315 1004 4380 liet
1021 4313 1049 4381 si
1065 4314 1215 4380 rixentur
1229 4313 1263 4378 in
1279 4323 1449 4380 conuentu
1465 4311 1627 4379 laicorum

360 4419 447 4485 Item
464 4421 553 4504 quod
568 4420 680 4487 clerici
703 4421 861 4489 absentes
876 4443 896 4488 a
912 4420 1060 4506 qualibet
1083 4420 1166 4486 hora
1188 4417 1307 4486 maiori
1323 4427 1356 4484 et
1372 4417 1473 4483 simili
1496 4416 1628 4484 defectu

272 4522 483 4591 satisfaciant
499 4546 559 4611 pro
575 4525 723 4610 quolibet
746 4525 807 4592 tali
828 4547 933 4592 vnum
956 4523 1131 4592 denarium
1149 4533 1183 4590 et
1206 4523 1241 4589 in
1264 4521 1340 4589 aliis
1362 4519 1571 4588 satisfacient
1594 4529 1628 4587 et

272 4627 454 4714 punientur
469 4631 654 4697 secundum
671 4629 976 4722 considerationem
992 4627 1105 4714 dilectj
1133 4629 1160 4708 [l
1171 4626 1299 4710 delicti]
