4460 5984
707 673 806 742 cm
828 673 947 761 ωε]
968 675 1082 762 aaut
1508 676 1571 761 185

209 843 330 932 virginj
359 843 513 932 genitrici
537 869 596 914 sue
619 856 653 914 et
677 847 835 916 omnibus
859 847 988 916 sanctis
1013 859 1047 916 et
1069 851 1126 936 vnj
1157 831 1332 937 capellano
1356 847 1472 917 diuina
1494 849 1571 917 celi-

211 949 321 1035 brantj
346 959 380 1016 et
404 953 658 1037 imperpetuum
681 951 883 1020 celibraturo
903 951 938 1020 in
959 953 1103 1020 ecclesia
1126 953 1328 1039 parrochiali
1349 955 1391 1020 de
1411 953 1569 1020 abirdene

209 1055 253 1120 ad
274 1053 381 1120 altare
401 1063 597 1122 sanctorum
618 1055 775 1140 laurentij
800 1063 834 1122 et
857 1055 985 1141 ninianj
1011 1077 1124 1124 coram
1147 1055 1305 1144 ymagine
1326 1065 1443 1124 sancte
1464 1057 1569 1124 marie

210 1175 271 1242 pro
298 1155 416 1223 Salute
442 1155 632 1224 animarum
660 1156 812 1224 omnium
839 1157 1065 1243 predictorum
1091 1181 1196 1226 vnum
1223 1179 1373 1226 annuum
1400 1159 1568 1226 redditum

210 1259 326 1326 decem
350 1281 541 1328 marcatum
561 1259 690 1328 vsualis
709 1269 846 1327 monete
870 1261 979 1346 Regnj
1002 1261 1108 1328 scotie
1131 1261 1313 1330 leuandum
1336 1261 1514 1329 annuatim
1536 1271 1569 1330 et

209 1359 461 1446 percipiendum
483 1364 525 1429 de
544 1371 634 1429 terra
653 1361 787 1429 Thome
808 1363 964 1430 craufurd
986 1365 1124 1430 Iacente
1144 1363 1179 1430 in
1193 1363 1269 1430 vico
1290 1363 1392 1432 castri
1413 1375 1570 1451 exparte

209 1463 350 1530 australi
373 1463 524 1532 eiusdem
539 1463 604 1532 vici
623 1465 711 1531 inter
731 1475 857 1532 terram
882 1465 1054 1532 alexandri
1077 1486 1152 1532 com
1176 1487 1217 1532 ex
1239 1475 1334 1552 parte
1353 1465 1508 1534 orientali
1528 1489 1569 1534 ex

208 1575 304 1651 parte
318 1587 386 1633 vna
401 1575 435 1632 et
450 1575 575 1634 terram
590 1566 741 1652 vilhelmj
759 1570 801 1634 de
815 1587 890 1634 mar
904 1589 945 1633 ex
961 1576 1056 1651 parte
1075 1567 1276 1652 occidentalj
1293 1589 1334 1634 ex
1349 1577 1445 1652 parte
1460 1568 1568 1636 altera

207 1667 328 1754 viginti
344 1669 470 1736 solidos
486 1671 532 1737 Et
548 1672 589 1736 de
603 1679 693 1737 tena
708 1669 831 1737 roberti
841 1669 984 1736 wallaus
1000 1672 1138 1736 Iacente
1154 1669 1188 1736 in
1204 1672 1322 1738 eodem
1331 1669 1407 1737 vico
1418 1691 1459 1736 ex
1471 1681 1568 1755 parte

206 1771 347 1840 australi
368 1771 519 1840 eiusdem
539 1771 605 1838 vici
628 1771 716 1838 inter
733 1781 859 1839 terram
881 1771 1045 1839 Iohannis
1065 1771 1216 1858 scroggis
1233 1793 1275 1839 ex
1294 1771 1450 1840 orientali
1471 1783 1568 1858 parte

206 1895 247 1942 ex
266 1895 334 1942 vna
354 1883 388 1942 et
408 1883 533 1943 terram
554 1875 679 1942 andree
698 1875 828 1944 ancmlt
849 1895 890 1942 ex
910 1874 1111 1942 occidentali
1134 1884 1231 1961 parte
1252 1875 1295 1943 ab
1315 1875 1423 1942 altera
1444 1875 1565 1961 viginti

207 1975 334 2044 solidos
349 1977 396 2044 Et
414 1979 456 2044 de
471 1985 560 2044 terra
578 1975 751 2044 alexandri
769 1975 945 2064 ruyerlurd
965 1979 1103 2044 Iacente
1120 1979 1160 2044 In
1176 1979 1294 2045 eodem
1309 1977 1385 2044 vico
1401 1978 1455 2044 Ex
1470 1987 1566 2064 parte

207 2080 347 2166 austran
370 2079 521 2147 eiusdem
538 2079 604 2146 vici
624 2079 713 2146 inter
732 2087 856 2146 terram
877 2080 1010 2146 Andree
1030 2079 1160 2146 ancrolt
1179 2101 1220 2146 ex
1235 2088 1331 2164 parte
1351 2079 1506 2147 orientali
1527 2101 1568 2148 ex

204 2191 301 2270 parte
315 2203 383 2250 vna
401 2191 434 2250 et
453 2191 578 2250 terram
593 2181 726 2267 gilberti
745 2189 880 2248 menaea
898 2190 1051 2267 exparte
1070 2181 1270 2250 occidentali
1286 2191 1438 2268 exparte
1456 2184 1563 2251 altera

204 2285 324 2372 viginti
345 2285 471 2353 solidos
490 2285 536 2350 Et
555 2286 597 2352 de
614 2293 704 2350 terra
722 2285 839 2350 thome
860 2283 1016 2370 stephanj
1040 2285 1178 2351 Iacente
1194 2284 1228 2352 in
1243 2285 1318 2352 vico
1338 2285 1508 2352 furcarum
1524 2307 1565 2352 ex

204 2399 300 2478 parte
323 2387 478 2456 orientali
498 2388 650 2454 eiusdem
670 2386 735 2454 vici
756 2387 844 2454 inter
863 2396 988 2454 terram
1011 2387 1129 2453 thome
1150 2387 1236 2454 roull
1257 2396 1414 2472 exparte
1437 2387 1561 2474 borealj

203 2515 246 2560 ex
271 2501 368 2579 parte
393 2513 461 2558 vna
487 2500 520 2558 et
547 2499 672 2556 terram
699 2509 811 2556 meam
837 2489 1006 2574 propriam
1034 2509 1136 2574 quam
1163 2487 1366 2556 inhabitauit
1393 2491 1563 2574 quondam

203 2597 358 2664 Thomas
376 2605 520 2662 turnour
536 2602 687 2680 exparte
707 2591 846 2676 australj
866 2602 1021 2678 exparte
1041 2592 1149 2658 altera
1167 2591 1287 2678 viginti
1308 2591 1434 2660 solidos
1454 2593 1501 2660 Et
1521 2594 1563 2660 de

202 2710 293 2768 terra
307 2699 389 2768 dicti
404 2697 537 2764 Thome
552 2695 637 2762 roull
655 2697 792 2762 Iacente
808 2694 842 2760 in
858 2695 976 2762 eodem
991 2694 1067 2761 vico
1082 2703 1228 2780 exparte
1239 2693 1394 2774 orientali
1410 2693 1561 2762 eiusdem

202 2805 268 2872 vici
287 2804 376 2870 inter
396 2811 522 2869 terram
544 2797 626 2865 dicti
648 2797 765 2864 thome
787 2796 872 2864 roull
896 2819 999 2882 quam
1022 2795 1190 2864 inhabitat
1205 2817 1247 2864 ex
1268 2805 1363 2882 parte
1379 2797 1505 2864 boreali
1521 2819 1562 2864 ex

203 2917 300 2995 parte
327 2925 396 2972 vna
427 2911 462 2970 et
499 2911 624 2970 terram
661 2897 742 2966 dicti
778 2899 896 2966 thome
932 2899 1089 2985 stephanj
1129 2920 1170 2967 ex
1207 2907 1303 2984 parte
1340 2899 1480 2985 australj
1520 2921 1561 2967 ex

203 3021 299 3099 parte
328 3009 436 3078 altera
463 3004 583 3092 viginti
618 3003 745 3070 solidos
780 3003 827 3068 Et
857 3003 898 3068 de
928 3009 1020 3070 terra
1050 3001 1201 3088 symonis
1237 3000 1326 3068 Blalr
1360 3002 1498 3068 Iacente
1524 3001 1560 3069 in

202 3117 237 3202 ly
261 3113 422 3200 geistraw
441 3131 482 3177 ex
510 3117 607 3195 parte
630 3103 832 3173 occidentali
855 3103 1006 3170 eiusdem
1030 3103 1097 3170 vici
1123 3103 1212 3170 inter
1236 3112 1362 3170 terram
1389 3105 1559 3188 quondam

201 3217 304 3286 dauid
335 3213 423 3282 Blak
448 3233 490 3278 ex
515 3218 610 3297 parte
640 3206 780 3276 australi
803 3227 845 3273 ex
870 3214 967 3292 parte
991 3227 1059 3272 vna
1085 3213 1119 3272 et
1147 3215 1272 3273 terram
1300 3205 1464 3273 Iohannis
1488 3205 1559 3274 reid

201 3345 242 3391 ex
268 3331 363 3408 parte
384 3316 501 3386 boriali
526 3337 567 3382 ex
592 3323 688 3400 parte
709 3313 818 3380 altera
835 3311 955 3397 vigintj
978 3311 1103 3378 solidos
1124 3313 1171 3378 Et
1201 3311 1242 3378 de
1262 3310 1376 3378 bothis
1398 3309 1556 3398 stephanj

202 3425 367 3496 Iohannis
406 3423 441 3490 in
474 3421 550 3488 vico
588 3419 758 3486 nucarum
793 3416 829 3483 in
868 3415 900 3482 Ie
939 3415 1111 3483 buthtraw
1144 3437 1185 3482 ex
1223 3423 1320 3500 parte
1356 3414 1557 3482 occidentali

200 3532 352 3600 eiusdem
374 3525 440 3594 vici
463 3525 552 3592 inter
572 3533 696 3590 terram
715 3519 849 3606 angusij
869 3521 1057 3586 adamsoun
1072 3539 1114 3586 ex
1136 3527 1231 3604 parte
1251 3518 1377 3586 boreali
1398 3539 1439 3586 ex
1461 3528 1557 3604 parte

199 3657 267 3704 vna
299 3643 332 3702 et
361 3642 486 3700 terram
517 3629 598 3698 dicti
629 3627 785 3714 stephani
815 3625 979 3692 Iohannis
1008 3646 1050 3691 ex
1079 3633 1175 3710 parte
1212 3623 1352 3710 australj
1387 3645 1428 3691 ex
1461 3633 1557 3710 parte

200 3741 307 3810 altera
339 3735 519 3805 tresdecim
553 3733 679 3800 solidos
708 3741 741 3798 et
772 3739 917 3816 quatuor
945 3728 1100 3796 denarios
1131 3728 1332 3795 Tenendum
1364 3737 1398 3794 et
1432 3727 1556 3794 haben·

198 3847 280 3912 dum
298 3863 339 3911 ac
357 3837 609 3926 percipiendum
629 3836 757 3903 dictum
779 3853 930 3900 annuum
950 3831 1118 3898 redditum
1139 3833 1256 3898 decem
1277 3851 1465 3898 mercatum
1484 3851 1557 3916 pre·

192 3948 289 4016 ‘dicto
313 3943 488 4030 capellano
511 3949 545 4007 et
568 3937 639 4006 suis
659 3935 910 4004 successoribus
933 3934 1181 4020 imperpetuum
1205 3935 1246 4002 de
1269 3933 1369 4002 dictis
1390 3933 1490 4000 terris
1512 3935 1555 4002 ad

197 4053 283 4120 duos
309 4047 389 4132 annj
416 4043 581 4112 terminos
605 4041 741 4108 usuales
766 4037 972 4124 penticostes
997 4036 1152 4104 videlicet
1179 4046 1213 4105 et
1239 4037 1328 4124 beatj
1357 4036 1493 4122 martinj
1521 4035 1556 4102 in

197 4155 319 4240 hyeme
344 4171 404 4236 per
426 4146 564 4232 equales
585 4143 758 4230 portiones
780 4141 883 4208 libere
909 4141 1020 4226 quiete
1047 4139 1196 4228 plenarie
1219 4140 1349 4226 integre
1371 4139 1555 4206 honorifice

197 4260 282 4325 bene
297 4263 331 4322 et
348 4254 390 4320 In
405 4271 489 4339 pace
504 4269 582 4316 cum
598 4247 698 4332 plena
716 4255 750 4312 et
765 4244 870 4310 libera
885 4251 1054 4328 potestate
1069 4241 1266 4310 nammandi
1282 4251 1316 4310 et
1332 4241 1554 4328 distringendi

196 4381 255 4448 per
270 4379 306 4424 se
323 4355 374 4422 vel
390 4359 641 4440 procuratorem
658 4369 756 4415 suum
772 4368 833 4414 seu
849 4353 1083 4431 procuratores
1099 4367 1178 4412 suos
1193 4345 1360 4415 firmarios
1375 4355 1409 4412 et
1425 4345 1555 4414 inhabi-

195 4471 310 4532 tantes
325 4458 435 4528 dictas
450 4465 557 4526 terras
573 4449 704 4538 quotics
720 4471 805 4536 opus
820 4447 919 4516 luerit
935 4469 995 4536 pro
1010 4469 1124 4516 annuo
1144 4447 1276 4516 redditu
1297 4447 1490 4534 supradicto
1507 4449 1553 4516 Et

195 4565 224 4634 si
241 4565 355 4633 forsan
377 4559 490 4647 aliquo
511 4577 593 4626 casu
611 4551 829 4638 contingente
850 4549 962 4618 dictus
982 4571 1116 4618 annuus
1140 4549 1307 4617 Redditus
1327 4551 1444 4618 decem
1467 4571 1552 4618 mer-

843 4653 889 4714 ΑΛ

1066 4781 1076 4814 l
