4472 5992
405 2065 450 2118 rot.
466 2065 513 2118 14¹

629 689 671 760 28
1207 688 1401 778 Fragmenta

629 883 674 933 na
688 861 762 933 vice
777 861 812 932 in
829 883 918 934 anno
933 861 1088 933 videlicet
1104 885 1208 932 vnum
1225 862 1267 931 tn'
1307 913 1982 932 .............

629 969 757 1058 gintale
772 971 806 1038 in
822 971 991 1058 quindena
1030 1017 1983 1038 ..................

630 1078 839 1166 antedictum
855 1087 889 1145 et
905 1075 957 1145 sui
972 1095 1186 1146 successores
1251 1123 1983 1142 ..............

630 1185 747 1252 decem
764 1183 889 1252 solidos
903 1203 970 1251 vna
1031 1229 1983 1250 ..................

630 1309 690 1376 pro
706 1289 827 1376 quibus
842 1287 898 1376 qui
914 1290 1031 1357 decem
1085 1335 1983 1354 .................

630 1395 678 1464 bit
694 1406 753 1465 aut
769 1393 935 1464 celebravi
973 1439 1983 1463 ...................

629 1521 704 1570 rum
720 1501 947 1589 predictorum
974 1545 1983 1567 ...................

629 1616 707 1676 ente
722 1607 855 1676 duobus
920 1651 1983 1674 ....................

628 1712 796 1783 dictorum
864 1761 872 1780 .
920 1761 927 1778 .
976 1762 983 1778 .
1031 1723 1069 1777 .“
1087 1757 1984 1778 .................

1123 1883 1315 1952 Intermeda'a
1327 1889 1403 1970 pars
1421 1881 1500 1950 deest

633 2111 862 2129 .....
893 2067 969 2127 atos
983 2055 1089 2146 ipsius
1105 2053 1258 2144 magistri
1275 2054 1438 2124 Iohannis
1453 2057 1618 2125 duntaxat
1634 2053 1784 2143 exceptis
1799 2053 1985 2144 capellanis

633 2215 862 2234 .....
895 2163 1099 2232 secludendo
1116 2163 1162 2230 Et
1178 2159 1335 2248 quiequid
1350 2161 1438 2230 vltra
1454 2181 1555 2248 super
1570 2171 1630 2230 aut
1646 2183 1790 2250 superne
1805 2161 1984 2250 eontigerit

565 2319 571 2332 .
632 2319 863 2340 .....
921 2271 1011 2356 quod
1026 2279 1258 2356 expressatom
1274 2277 1326 2336 est
1342 2268 1385 2336 ad
1400 2267 1647 2354 reparationem
1663 2277 1697 2336 et
1713 2267 1985 2336 reformationem

632 2425 973 2445 .......
998 2375 1193 2462 capellanos
1208 2373 1327 2442 altaris
1342 2371 1505 2442 antedicti
1521 2375 1562 2442 ln
1578 2373 1674 2442 cuius
1689 2373 1737 2442 rei
1752 2371 1985 2442 testimonium

632 2529 1252 2550 ............
1294 2479 1355 2548 viri
1372 2477 1504 2566 patricii
1520 2479 1695 2548 badenach
1711 2501 1771 2569 per
1785 2477 1986 2566 magistrum

631 2637 1084 2656 .........
1104 2585 1317 2673 presentibus
1332 2595 1412 2654 sunt
1427 2605 1578 2673 appensa
1593 2587 1683 2672 apud
1698 2583 1827 2654 dictum
1842 2585 1985 2674 burgum

632 2741 1363 2762 ..............
1399 2690 1512 2758 lxxvi¹⁰
1524 2689 1591 2760 hiis
1604 2690 1749 2762 testibus
1764 2693 1890 2761 andrea
1905 2689 1987 2760 sehe

632 2847 1252 2866 ............
1295 2818 1370 2866 mar
1387 2796 1534 2866 Ricardo
1549 2799 1591 2868 de
1606 2795 1654 2866 hil
1669 2795 1816 2896 dominis
1832 2795 1986 2868 Iohanne
2066 2795 2069 2801 ’

631 2953 1195 2972 ...........
1241 2905 1398 2974 duneano
1414 2902 1565 2990 stralogh
1581 2902 1737 2974 seriando
1751 2925 1829 2974 cum
1873 2954 1880 2970 .
1925 2953 1933 2970 .
1977 2951 1984 2970 .

1292 3201 1323 3270 o

635 3393 1197 3416 ...........
1271 3341 1412 3431 [auara
1432 3345 1513 3414 saar
1532 3345 1711 3416 sautum·

635 3571 920 3590 ......
955 3571 975 3604 ,.
1025 3571 1031 3586 .
1080 3569 1087 3586 .
1135 3569 1143 3584 .
1191 3568 1198 3586 .
1246 3569 1254 3585 .
1310 3517 1509 3588 Willermus
1524 3520 1684 3588 menzhes
1700 3517 1876 3607 burgensis
1891 3517 1987 3606 burgi

635 3673 1367 3694 ..............
1388 3645 1443 3692 me
1458 3646 1518 3711 pro
1534 3625 1644 3694 salute
1659 3623 1772 3694 anime
1788 3645 1861 3692 mee
1877 3625 1988 3691 uxoris

1267 3740 1520 3799 antecessorum
1536 3741 1569 3799 et
1586 3751 1819 3800 successorum
1836 3751 1987 3800 meorum

636 3885 1422 3904 ...............
1473 3837 1525 3905 vel
1542 3837 1635 3923 juste
1650 3835 1753 3906 habui
1769 3859 1829 3904 seu
1845 3837 1989 3924 adeptus

635 3989 1309 4009 .............
1365 3941 1544 4010 heredibus
1559 3943 1644 4010 meis
1658 3941 1693 4009 in
1709 3953 1908 4030 perpetuum
1924 3963 1988 4010 con

635 4095 1312 4115 .............
1332 4045 1489 4118 omnibus
1504 4048 1632 4116 sanctis
1648 4047 1719 4116 suis
1734 4057 1767 4116 et
1784 4047 1882 4116 altari
1896 4043 1988 4116 beati

635 4201 1478 4222 ................
1547 4153 1673 4223 situato
1688 4163 1722 4222 et
1737 4153 1794 4220 vni
1812 4153 1989 4242 capellano

636 4305 1478 4326 ................
1546 4257 1671 4327 solidos
1686 4269 1720 4328 et
1736 4267 1813 4329 octo
1833 4257 1989 4328 denarios

636 4411 1535 4431 .................
1558 4363 1760 4454 supradictis
1774 4365 1828 4434 via
1842 4365 1884 4434 de
1899 4373 1989 4436 terra

636 4515 1589 4536 ..................
1628 4469 1709 4539 dicti
1725 4471 1820 4558 burgi
1837 4493 1877 4538 ex
1893 4481 1988 4558 parte

1119 4641 1310 4708 Interrrredr'a
1322 4647 1398 4729 pars
1415 4643 1493 4709 deest
