4488 5996
564 681 628 756 270
836 664 1203 736 [aremarensem
1223 665 1345 755 domini
1365 665 1517 738 Iohannis
1544 667 1640 738 Wous

564 865 623 910 seu
653 842 741 909 iuste
771 852 924 927 spectare
949 841 1140 911 valentibus
1166 843 1415 928 quomodolibet
1442 843 1476 910 in
1503 845 1652 912 futurum
1679 843 1782 914 libere
1810 844 1923 930 quiete

564 934 712 1032 plenarie
742 946 871 1032 integre
901 949 985 1013 bene
1019 957 1052 1012 et
1086 947 1121 1011 in
1155 967 1238 1032 pace
1270 947 1342 1013 sine
1375 947 1617 1034 impedimento
1650 949 1827 1016 obstaculo
1863 959 1922 1016 aut

517 1061 519 1066 '
563 1049 778 1116 reuocatione
805 1051 1058 1135 quibuscunque
1085 1051 1395 1138 QUAMOBREM
1421 1052 1501 1137 dictj
1530 1063 1668 1120 curatus
1694 1061 1728 1120 et
1754 1051 1921 1138 capellani

563 1165 597 1221 et
622 1177 737 1221 eorum
761 1177 973 1222 successores
996 1156 1212 1222 celebrabunt
1236 1165 1295 1222 aut
1320 1157 1487 1223 celebrare
1509 1157 1634 1224 facient
1656 1179 1758 1224 unam
1781 1157 1922 1224 missam

565 1279 624 1344 pro
647 1259 756 1326 salute
779 1260 892 1326 anime
915 1283 989 1327 mee
1012 1271 1190 1347 parentum
1212 1271 1245 1328 et
1265 1263 1517 1330 benefactorum
1542 1285 1695 1330 meorum
1715 1273 1749 1328 et
1770 1262 1922 1330 omnium

565 1363 715 1430 fidelium
753 1365 987 1432 defunctorum
1025 1369 1115 1451 apud
1153 1367 1259 1434 altare
1297 1368 1405 1452 sanctj
1441 1368 1578 1453 martini
1614 1368 1699 1434 inira
1736 1367 1922 1453 predictam

564 1469 742 1536 ecclesiam
766 1471 930 1538 situatum
946 1471 981 1537 in
1004 1472 1058 1538 die
1073 1473 1242 1540 dominico
1265 1474 1407 1558 singulis
1429 1473 1650 1540 hebdomadis
1673 1475 1923 1558 imperpetuum

563 1576 613 1640 Ac
628 1575 732 1640 etiam
747 1576 901 1642 iaciendo
917 1577 995 1643 inde
1010 1578 1186 1644 annuatim
1206 1600 1361 1662 supreme
1385 1579 1520 1644 domine
1539 1589 1655 1644 nostre
1670 1578 1784 1664 regine
1800 1587 1834 1643 et
1850 1576 1922 1643 suis

565 1681 817 1748 successoribus
839 1682 1015 1748 seruitium
1040 1683 1238 1767 burgagium
1255 1683 1332 1750 inde
1348 1683 1497 1750 debitum
1514 1695 1547 1749 et
1564 1693 1763 1750 consuetum
1786 1691 1922 1747 tantum

565 1805 624 1866 pro
639 1782 731 1868 omnj
749 1783 815 1848 alio
831 1805 931 1849 onere
947 1784 1085 1850 seruitio
1101 1785 1242 1869 secularj
1263 1785 1438 1852 exactione
1454 1807 1514 1852 seu
1530 1787 1697 1852 demanda
1713 1806 1777 1869 que
1793 1785 1835 1850 de
1850 1803 1923 1868 pre-

564 1883 654 1950 dicto
670 1906 783 1950 annuo
799 1885 929 1950 redditu
946 1907 1023 1952 cum
1040 1886 1252 1969 pertinentiis
1270 1887 1461 1970 aliqualiter
1476 1887 1562 1972 exigj
1579 1887 1701 1972 poterit
1720 1897 1780 1952 aut
1798 1885 1920 1970 requirj

566 1989 612 2052 Et
636 2008 698 2071 ego
723 2009 803 2054 uero
827 1987 938 2054 dictus
967 1988 1125 2054 dominus
1155 1991 1301 2055 Ioannes
1324 2011 1409 2056 vaus
1438 1990 1578 2056 heredes
1603 1990 1668 2074 mej
1695 1999 1727 2055 et
1755 1988 1919 2072 assignatj

564 2097 674 2154 totum
699 2099 733 2154 et
758 2088 925 2172 integrum
950 2089 1078 2156 dictum
1106 2111 1256 2156 annuum
1281 2091 1448 2158 redditum
1475 2091 1654 2176 vigintisex
1678 2091 1861 2158 solidorum
1888 2101 1923 2158 et

564 2199 641 2257 octo
664 2191 877 2256 denariorum
900 2201 1035 2257 monete
1058 2193 1227 2258 antedicta
1250 2193 1427 2260 annuatim
1450 2193 1631 2260 leuandum
1655 2195 1696 2260 de
1719 2203 1792 2260 tota
1815 2203 1849 2260 et
1873 2193 1923 2258 in·

563 2305 659 2380 tegra
674 2305 763 2362 terra
779 2317 855 2362 mea
869 2307 903 2362 et
916 2297 1014 2362 horto
1029 2297 1180 2364 eiusdem
1204 2298 1441 2382 suprascriptis
1457 2320 1533 2364 cum
1550 2297 1762 2382 pertinentiis
1783 2297 1923 2382 prefatis

564 2407 680 2464 curato
696 2407 729 2462 et
746 2397 930 2482 capellanis
945 2409 979 2464 et
995 2401 1177 2466 eorundem
1197 2400 1447 2468 successoribus
1462 2400 1496 2466 in
1513 2400 1670 2466 omnibus
1684 2411 1718 2466 et
1733 2422 1793 2484 per
1807 2400 1922 2467 omnia

562 2501 670 2568 forma
685 2501 810 2586 pariter
824 2511 857 2566 et
874 2501 995 2568 effectu
1010 2512 1046 2567 vt
1062 2502 1264 2587 premissum
1281 2513 1332 2568 est
1348 2513 1466 2568 contra
1489 2523 1608 2568 omnes
1624 2503 1785 2568 mortales
1802 2525 1922 2568 varan-

563 2605 743 2672 tizabimus
763 2604 1032 2690 acquietabimus
1052 2615 1086 2670 et
1108 2604 1355 2690 imperpetuum
1377 2605 1594 2672 defendemus
1615 2605 1773 2670 omnibus
1791 2605 1869 2670 dolo
1888 2615 1922 2670 et

562 2709 678 2777 fraude
701 2709 842 2776 seclusis
859 2711 899 2775 In
915 2709 1012 2776 cuius
1026 2709 1073 2793 rej
1091 2709 1324 2776 testimonium
1345 2708 1423 2776 huic
1440 2708 1586 2794 presentj
1612 2709 1735 2782 charte,
1752 2707 1923 2776 fundatio·

563 2812 617 2878 nis
632 2835 706 2880 mee
722 2811 966 2896 subscriptione
982 2833 1059 2876 mea
1074 2812 1224 2896 manualj
1245 2811 1433 2896 subscripto
1449 2811 1598 2896 sigillum
1618 2833 1732 2878 meum
1748 2811 1920 2896 proprium

562 2938 694 2984 necnon
724 2917 872 3001 sigillum
903 2915 1109 2982 honorabilis
1134 2916 1195 3000 virj
1223 2917 1355 3000 gilberti
1386 2917 1560 3001 malysone
1589 2916 1689 2982 vnius
1718 2917 1920 2982 balliuorum

563 3021 643 3105 dictj
672 3021 766 3105 burgj
792 3042 831 3086 ac
854 3019 982 3086 datoris
1013 3019 1125 3086 sasine
1156 3020 1319 3105 eiusmodj
1345 3029 1423 3086 sunt
1451 3041 1601 3104 appensa
1624 3021 1724 3106 Apud
1755 3021 1922 3086 aberdcne

562 3124 736 3208 Vigesimo
759 3125 907 3190 secundo
930 3122 984 3188 die
1007 3121 1134 3188 mensis
1157 3123 1273 3208 aprilis
1295 3143 1385 3189 anno
1408 3122 1534 3207 dominj
1560 3123 1740 3190 millesimo
1759 3123 1921 3208 quingen-

562 3228 684 3294 tesimo
700 3228 978 3312 quinquagesimo
993 3227 1097 3294 tercio
1114 3230 1237 3296 Coram
1249 3229 1393 3294 testibus
1405 3229 1594 3294 Alexandro
1607 3229 1782 3314 malysone
1794 3232 1921 3296 andrea

563 3334 693 3400 harrow
714 3333 895 3400 alexandro
913 3334 978 3418 kay
996 3333 1133 3398 henrico
1156 3333 1282 3418 nachty
1299 3333 1460 3398 vilhelmo
1484 3333 1620 3418 barclay
1641 3355 1708 3398 vno
1729 3333 1921 3418 sergiando·

562 3461 636 3506 rum
656 3438 736 3524 dictj
759 3438 853 3523 burgj
876 3448 909 3504 et
932 3438 1096 3523 magistro
1120 3439 1248 3504 Ioanne
1267 3439 1421 3523 kennedy
1440 3437 1550 3504 scriba
1573 3439 1744 3556 compnunj
1769 3438 1920 3505 eiusdem

562 3542 657 3626 burgj
675 3565 753 3609 cum
769 3542 911 3610 diuersis
926 3543 1002 3610 aliis
1018 3543 1074 3612 Sic
1091 3543 1311 3611 subscribitur
1333 3542 1489 3610 dominus
1513 3545 1660 3610 Ioannes
1683 3545 1793 3610 Waus
1816 3564 1920 3609 manu

562 3647 704 3733 propria-

599 3809 624 3914 ξ
639 3858 664 3902 0
696 3823 772 3889 Hec
787 3831 838 3889 est
853 3843 934 3888 vera
949 3821 1046 3908 copia
1061 3819 1200 3888 alterius
1215 3829 1306 3887 carte
1322 3819 1517 3906 principalis
1531 3817 1739 3887 fundationis
1755 3817 1920 3886 Collacio·

599 3903 665 4020 {a}
695 3935 777 3992 nata
792 3947 851 4010 per
866 3947 920 3991 me
936 3924 1104 3990 notarium
1121 3923 1293 4009 publicum
1313 3923 1539 4008 subscriptum

607 4019 650 4074 3¹
782 4029 837 4096 Ita
863 4037 914 4093 est
939 4025 1100 4112 magister
1126 4027 1272 4094 Ioannes
1296 4027 1450 4112 kennedy
1473 4024 1625 4092 notarius
1652 4023 1806 4112 publicus
1832 4031 1920 4090 teste

868 4150 972 4196 manu
988 4127 1121 4214 propria

1165 4357 1325 4422 CXXXI.

338 4525 383 4578 rol.
398 4523 462 4577 1⁰9¹
573 4497 647 4655 IN
665 4499 718 4564 dei
734 4498 870 4565 nomine
881 4499 991 4564 Amen
1008 4497 1072 4562 Per
1086 4495 1150 4562 hoc
1166 4517 1304 4580 presens
1320 4494 1491 4579 publicum
1511 4494 1773 4560 instrumentum
1789 4489 1925 4558 cunctis·

660 4611 774 4688 petest
799 4601 973 4668 euidenter
999 4609 1032 4666 et
1056 4599 1099 4666 sit
1122 4609 1241 4665 notum
1265 4599 1353 4683 quod
1377 4619 1467 4664 anno
1490 4595 1733 4664 incarnationis
1754 4595 1922 4664 dominice
