4460 5984
616 687 679 754 218
970 683 1102 752 Ronlalc
1124 677 1625 749 obiluamctrlnniuerscriorum

530 857 534 863 “
615 859 849 928 defunctorum
872 858 1012 943 placebo
1027 866 1060 924 et
1077 855 1182 942 dirige
1197 855 1232 922 in
1249 856 1376 922 Sabato
1399 847 1599 940 precedente
1614 871 1692 919 cum
1716 849 1821 918 missa
1836 849 1878 917 dc
1893 857 1973 917 nota

617 973 757 1032 cantata
766 973 800 1029 et
815 961 979 1046 trigintali
996 969 1155 1045 sequente
1171 981 1230 1046 per
1241 958 1446 1026 ebdomitam
1463 965 1500 1023 ut
1517 956 1620 1023 moris
1631 965 1683 1022 est
1699 976 1759 1040 pro
1771 953 1972 1040 quoquidem

616 1066 848 1136 anniuersario
866 1063 1084 1132 Infeodantur
1101 1065 1143 1134 de
1157 1061 1277 1148 viginti
1301 1063 1374 1128 sde
1390 1062 1535 1146 quodam
1552 1059 1658 1126 crolto
1673 1057 1780 1144 ipsius
1803 1057 1973 1124 alexandri

618 1191 722 1257 prope
745 1219 754 1236 .
781 1217 788 1238 .
814 1217 823 1235 .
846 1178 883 1236 ut
899 1169 1125 1253 respondeant

397 1395 483 1450 obitus
494 1394 582 1446 thome
706 1381 830 1450 Obitus
841 1381 1011 1466 quondam
1026 1378 1142 1446 thome
1158 1377 1290 1446 crafurd
1303 1377 1435 1444 infesto
1451 1373 1568 1442 Sancti
1585 1372 1749 1440 Iohannis
1760 1372 1977 1459 ewangeliste

397 1460 564 1592 ‘ffiffig
619 1497 699 1556 ante
714 1496 847 1573 portam
871 1485 1011 1554 latinam
1027 1489 1125 1552 Anno
1142 1483 1269 1551 domini
1290 1481 1471 1550 millesimo
1486 1479 1818 1568 quadringentesimo
1834 1481 1976 1566 Septua-

399 1593 456 1642 rura
619 1591 749 1677 gesimo
779 1599 899 1676 quarto
929 1587 1035 1656 Cuius
1065 1587 1315 1655 anniuersarius
1345 1597 1378 1654 et
1408 1585 1551 1672 Agnetis
1587 1583 1731 1670 cralurdj
1763 1603 1887 1670 sponse
1917 1603 1976 1649 sue

305 1676 309 1686 ’
398 1708 501 1764 r01.87¹
620 1695 796 1764 annuatim
819 1693 1043 1763 celebrabitur
1065 1695 1107 1762 ad
1131 1693 1237 1761 altare
1260 1692 1377 1760 Sancti
1401 1689 1564 1759 Iohannis
1590 1689 1807 1776 ewangeliste
1833 1687 1976 1756 infesto

621 1809 701 1866 ante
727 1807 860 1884 portam
884 1797 1026 1864 latinam
1052 1797 1139 1865 Cum
1163 1795 1268 1863 missa
1293 1796 1335 1863 de
1358 1804 1438 1862 nota
1461 1803 1494 1860 et
1518 1791 1682 1879 trigintali
1710 1791 1891 1860 missarum
1918 1811 1977 1877 per

622 1901 827 1970 ebdomitam
850 1910 1047 1986 sequentem
1070 1908 1107 1966 ut
1131 1900 1234 1966 moris
1256 1909 1308 1966 est
1331 1921 1391 1985 pro
1421 1920 1487 1983 quo
1510 1897 1676 1983 capellani
1702 1897 1922 1964 Inleodantur
1942 1895 1977 1962 in

620 2005 792 2074 triadecim
816 2004 932 2072 solidis
954 2012 988 2071 et
1011 2012 1155 2088 quatuor
1177 2005 1198 2070 d
1221 2005 1262 2072 de
1285 2001 1390 2070 crolto
1414 2003 1583 2088 quondam
1609 2001 1770 2068 Richardi
1795 2001 1918 2087 kyntor
1940 2009 1977 2068 ut

622 2110 847 2196 respondeant

398 2324 598 2406 oprtusmsgls-
711 2317 833 2386 Obitus
862 2318 1032 2402 quondam
1064 2315 1219 2401 Magistri
1251 2313 1413 2382 Iohannis
1442 2315 1547 2402 finaly
1576 2362 1585 2382 .
1613 2363 1622 2382 .
1650 2363 1659 2382 .
1689 2313 1787 2382 cuius
1815 2313 1979 2382 Anniuer·

397 2391 568 2522 ‘fl‘ssffffmm'
624 2423 750 2490 sarium
775 2422 940 2508 capellanj
967 2421 1098 2507 collegii
1122 2421 1338 2489 celebrabunt
1360 2421 1395 2487 in
1420 2421 1485 2487 hac
1507 2420 1616 2488 forma
1640 2441 1742 2487 vnam
1770 2419 1911 2487 missam
1938 2422 1980 2488 de

624 2536 706 2596 nota
721 2528 907 2594 cantabunt
923 2527 1099 2594 annuatim
1116 2527 1150 2592 in
1166 2526 1220 2594 dic
1237 2525 1439 2594 Natiuitatis
1454 2527 1544 2593 beati
1561 2525 1724 2592 Iohannis
1738 2525 1886 2611 baptiste
1901 2547 1978 2593 cum

623 2631 788 2716 trigintali
804 2631 983 2698 missarum
999 2631 1034 2696 in
1050 2632 1221 2699 ebdomita
1236 2632 1389 2715 sequenti
1411 2641 1445 2698 et
1460 2631 1561 2698 Aliud
1576 2631 1749 2716 trigintale
1763 2631 1980 2698 celebrabunt

623 2737 659 2802 in
674 2737 760 2802 lecto
781 2736 898 2802 Sancti
915 2737 1050 2803 marrini
1071 2757 1131 2822 pro
1152 2737 1262 2804 salute
1283 2737 1394 2804 anime
1414 2759 1475 2804 sue
1495 2747 1549 2803 etc
1570 2759 1630 2823 pro
1645 2737 1766 2821 quibus
1786 2737 1981 2823 capellanus

624 2841 741 2910 altaris
757 2843 882 2908 Sancte
898 2863 986 2930 anne
1001 2844 1044 2909 ad
1060 2844 1149 2928 quod
1164 2842 1256 2910 dicta
1278 2843 1383 2911 missa
1398 2845 1440 2910 de
1455 2852 1537 2910 nota
1552 2842 1745 2911 cantabitur
1766 2843 1980 2928 respondebit

623 2945 809 3032 capellanis
823 2945 954 3032 collegij
972 2968 1033 3033 pro
1047 2945 1167 3032 viginti
1184 2969 1201 3012 s

402 3165 572 3219 oenuswu-
712 3153 835 3221 Obitus
865 3157 1034 3239 quondam
1065 3153 1230 3223 Willelmi
1261 3158 1445 3222 adamsone
1473 3203 1481 3221 .
1510 3203 1518 3221 .
1547 3203 1555 3220 .
1586 3154 1683 3222 cuius
1713 3155 1981 3224 anniuersarium

401 3231 578 3351 Qindam·
625 3257 791 3345 capellanj
809 3259 1025 3326 celebrabunt
1047 3259 1082 3326 in
1105 3260 1170 3326 bac
1192 3259 1302 3327 forma
1322 3279 1426 3326 vnum
1442 3259 1614 3344 trigintale
1636 3259 1816 3327 missarum
1839 3261 1874 3326 in
1896 3261 1983 3328 festo

497 3367 500 3374 “
625 3363 832 3448 penticostes
854 3372 888 3429 et
911 3363 1012 3430 Aliud
1027 3363 1199 3450 trigintale
1222 3366 1265 3432 ad
1287 3365 1411 3430 festum
1428 3363 1546 3430 Sancti
1569 3363 1705 3450 martinj
1729 3365 1906 3432 annuatim
1923 3387 1983 3450 pro

626 3467 740 3534 anima
752 3467 832 3534 dicti
845 3467 1011 3534 Willelmi
1021 3490 1061 3535 ac
1071 3479 1147 3554 post
1157 3471 1334 3536 decessum
1345 3468 1486 3535 mariote
1498 3467 1698 3534 nicholsoun
1711 3468 1842 3536 Relicte
1853 3491 1913 3536 sue
1923 3491 1983 3554 pro

626 3573 736 3642 salute
751 3573 942 3640 animarum
958 3595 1095 3641 suarum
1111 3585 1165 3642 etc
1181 3596 1241 3660 pro
1256 3597 1323 3662 quo
1338 3573 1569 3642 anniuersario
1586 3573 1806 3640 Inleodantur
1817 3573 1852 3640 in
1863 3573 1984 3659 viginti

626 3699 643 3744 s
659 3679 701 3744 de
716 3686 806 3745 terra
821 3679 991 3764 quondam
1008 3679 1147 3746 Roberti
1163 3679 1276 3746 kinton
1291 3679 1326 3747 in
1341 3679 1416 3746 vico
1430 3678 1602 3746 furcarum
1617 3686 1655 3744 ut
1670 3679 1895 3764 respondeant

715 3888 884 3954 Robertus
908 3886 1041 3956 blinaell
1064 3887 1180 3956 diuino
1203 3888 1355 3958 caritatis
1382 3887 1513 3956 intuitu
1534 3889 1690 3956 fundauit
1714 3909 1816 3956 vnam
1843 3891 1984 3960 missam

627 3991 776 4080 qualibet
802 3991 856 4060 die
880 3992 1050 4060 dominica
1073 3995 1117 4061 ad
1147 3995 1253 4062 altare
1277 3993 1422 4079 gloriose
1446 3993 1586 4080 virginis
1613 3993 1718 4060 marie
1748 3994 1984 4064 celebrandam

627 4108 779 4184 tempore
817 4099 1049 4166 Inchoationis
1084 4099 1329 4168 matutinarum
1369 4099 1541 4186 perpetuis
1577 4099 1785 4185 temporibus
1821 4121 1882 4186 pro
1918 4124 1986 4187 qua

629 4201 849 4270 lnleodantur
877 4202 1042 4290 capellanj
1069 4203 1105 4271 in
1127 4203 1247 4289 viginti
1271 4204 1388 4271 solidis
1410 4215 1443 4271 et
1466 4213 1543 4271 octo
1570 4203 1715 4270 denariis
1741 4205 1917 4272 annuatim
1942 4209 1986 4274 dc

628 4307 759 4375 duabus
774 4306 873 4374 terris
895 4307 1132 4376 collateraliter
1156 4311 1350 4377 lacentibus
1371 4311 1412 4376 In
1427 4309 1502 4377 vico
1526 4309 1675 4376 Nauium
1699 4318 1736 4376 ut
1759 4313 1985 4394 respondeant

628 4420 663 4478 et
686 4421 842 4479 cantetur
863 4412 955 4480 dicta
978 4413 1083 4480 missa
1107 4417 1147 4482 In
1170 4415 1339 4501 presentia
1363 4415 1538 4482 Scolarum
1554 4416 1597 4482 ad
1613 4437 1712 4481 suum
1738 4415 1918 4482 Introitum
1942 4421 1985 4486 ad

630 4517 817 4584 matutinas
848 4566 856 4584 .
891 4567 899 4584 .
931 4567 940 4585 .
971 4541 1048 4586 cum
1074 4520 1115 4586 dc
1139 4517 1313 4606 profundis
1345 4569 1353 4586 .
1385 4568 1394 4586 .
1427 4567 1435 4585 .
1465 4540 1525 4605 pro
1549 4519 1727 4587 animabus
1754 4517 1835 4586 dicti
1860 4523 1985 4590 roberti

631 4643 768 4694 suorum
792 4632 970 4716 parentum
994 4623 1245 4698 benefactorum
1269 4633 1302 4697 et
1326 4621 1477 4694 omnium
1502 4625 1651 4696 fidelium
1674 4625 1907 4697 defunctorum
