4488 5996
632 729 695 798 274
831 713 930 782 cana
946 715 1128 802 sanum
1149 716 1263 784 aare
1285 715 1362 782 not
1384 715 1421 782 a
1438 715 1580 804 paeana
1602 713 1639 782 a
1662 715 1693 800 ry
1709 715 1819 802 suras

631 909 691 954 seu
709 889 914 976 procreande
929 890 1057 975 absque
1077 889 1243 977 diuisione
1268 891 1308 957 In
1332 889 1502 975 integrum
1527 889 1747 958 succendenti
1770 887 1894 977 quibus
1916 891 2004 960 torte

631 989 865 1058 deficientibus
888 992 1067 1060 heredibus
1091 992 1384 1078 propinquioribus
1407 991 1570 1078 legitimis
1595 992 1709 1079 Ipsius
1727 995 1852 1062 andree
1875 1005 1909 1063 et
1933 995 2005 1064 suis

631 1084 814 1178 assignatis
830 1094 1086 1181 quibuscunque
1109 1106 1217 1163 totam
1242 1105 1275 1162 et
1299 1097 1466 1180 integram
1491 1095 1674 1182 piscariam
1690 1105 1844 1166 nostram
1865 1097 2003 1167 dimedii

630 1197 738 1264 rethis
753 1199 795 1266 de
811 1197 845 1285 ly
859 1199 965 1266 surdis
986 1221 1087 1285 super
1109 1221 1198 1284 aqua
1221 1201 1262 1266 de
1285 1200 1346 1266 dee
1362 1221 1440 1265 cum
1465 1198 1536 1266 suis
1559 1198 1720 1284 proficuis
1735 1209 1769 1268 et
1785 1201 2005 1288 pertinenciis

631 1299 741 1368 solitis
756 1310 790 1368 et
806 1301 978 1368 consuetis
1002 1304 1175 1368 Iacentem
1196 1301 1282 1368 infra
1305 1301 1498 1368 libertatem
1517 1299 1600 1368 dicti
1624 1301 1722 1388 burgi
1737 1311 1771 1370 et
1787 1303 2005 1374 vicecomita-

631 1416 705 1474 tum
721 1409 762 1476 de
779 1405 937 1474 abirdene
952 1407 1228 1474 TENENDAM
1246 1417 1279 1473 et
1295 1405 1488 1474 habendam
1504 1415 1614 1474 totam
1631 1416 1665 1474 et
1681 1406 1851 1494 integram
1874 1409 2003 1480 dictam

630 1513 812 1600 piscariam
829 1511 965 1598 dimedij
983 1513 1090 1580 rhetis
1113 1515 1154 1582 de
1179 1514 1213 1600 ly
1234 1513 1341 1580 furdis
1364 1535 1442 1580 cum
1467 1513 1539 1581 suis
1561 1513 1723 1600 proficuis
1739 1524 1773 1583 et
1789 1515 2005 1602 pertinentiis

631 1619 769 1707 prelatis
785 1621 908 1686 andree
931 1621 1000 1689 buk
1022 1629 1055 1688 et
1080 1620 1217 1686 metilde
1239 1641 1399 1704 mengzes
1415 1641 1540 1706 sponse
1556 1641 1617 1687 sue
1633 1642 1751 1688 secum
1767 1621 1802 1688 in
1819 1621 2004 1692 coniuncta

631 1724 858 1792 infeodatione
874 1733 907 1792 et
923 1745 1040 1792 eorum
1057 1723 1154 1792 alteri
1170 1721 1299 1790 diutius
1314 1722 1442 1790 viuenti
1467 1733 1500 1790 et
1524 1723 1705 1792 heredibus
1727 1725 1891 1794 masculis
1909 1727 2005 1796 Inter

631 1833 767 1898 eosdem
795 1829 945 1916 legitime
971 1829 1157 1916 procreatis
1184 1851 1243 1896 seu
1271 1829 1489 1915 procreandis
1511 1829 1635 1916 quibus
1657 1829 1744 1898 forte
1767 1831 2006 1900 deficientibus

631 1919 755 1986 seniori
771 1920 933 1986 heredum
956 1918 1180 1986 femineorum
1205 1919 1300 1984 Inter
1323 1919 1459 1984 eosdem
1484 1917 1635 2002 legitime
1658 1927 1835 2003 procreate
1851 1941 1913 1988 seu
1929 1939 2006 2008 pro·

631 2025 776 2090 creando
792 2025 919 2108 absque
935 2021 1102 2089 diuisione
1119 2023 1160 2088 In
1176 2021 1346 2106 integrum
1364 2021 1560 2088 succedenti
1575 2021 1700 2107 quibus
1715 2023 1803 2092 forte
1818 2023 2006 2094 deficienti·

632 2131 696 2198 bus
711 2129 890 2196 heredibus
913 2127 1208 2214 propinquioribus
1224 2127 1385 2213 legitimis
1403 2129 1517 2214 Ipsius
1540 2129 1665 2220 andree
1681 2137 1715 2196 et
1731 2129 1803 2197 suis
1819 2130 2006 2220 assignatis

632 2235 887 2322 quibuscunque
903 2237 944 2301 de
960 2233 1058 2301 nobis
1074 2243 1107 2300 et
1124 2233 1377 2300 successoribus
1400 2233 1526 2301 nostris
1550 2233 1736 2320 capellanis
1748 2235 1834 2302 dicti
1851 2235 1946 2304 chori
1964 2237 2006 2303 In

632 2339 821 2408 feudifirma
849 2341 1051 2407 hereditaria
1074 2341 1123 2405 Ac
1147 2339 1181 2405 in
1205 2339 1310 2406 libero
1333 2339 1497 2425 burgagio
1523 2339 1778 2426 Imperpetuum
1803 2363 1882 2408 cum
1911 2341 2005 2408 omni

634 2447 712 2512 Iure
734 2455 767 2512 et
793 2445 1013 2512 Iurisclameo
1036 2444 1137 2512 titulo
1160 2443 1365 2530 proprietate
1389 2453 1423 2512 et
1446 2443 1662 2530 possessione
1677 2447 1726 2512 Ac
1743 2465 1822 2512 cum
1846 2447 2006 2514 omnibus

632 2551 709 2618 aliis
724 2561 757 2616 et
773 2550 916 2636 singulis
931 2551 1144 2618 libertatibus
1160 2549 1460 2618 commoditatibus
1475 2559 1509 2616 et
1525 2549 1725 2618 asiamentis
1741 2553 1791 2638 Ac
1809 2551 1915 2618 Iustis
1934 2551 2006 2620 suis

632 2655 849 2741 pertinenciis
865 2655 1123 2740 quibuscunque
1143 2657 1187 2722 ad
1208 2655 1395 2740 predictam
1413 2653 1595 2740 piscariam
1611 2675 1690 2722 curn
1707 2655 1779 2722 suis
1794 2655 1957 2742 proficuis
1971 2667 2005 2724 et

632 2761 849 2848 pertinenciis
876 2760 1110 2848 spectantibus
1137 2783 1196 2827 seu
1225 2761 1320 2849 Iuste
1348 2769 1502 2845 spectare
1527 2759 1721 2828 valentibus
1751 2763 2005 2847 quomodolibet

632 2865 667 2933 in
693 2867 844 2934 futurum
871 2865 973 2932 libere
1000 2865 1113 2952 quiete
1138 2865 1288 2953 plenarie
1314 2864 1445 2950 integre
1475 2863 1660 2932 honorifice
1688 2867 1774 2933 bene
1804 2865 1897 2934 etin
1922 2889 2005 2954 pace

631 2971 703 3038 sine
721 2969 969 3058 Impedimento
985 2971 1162 3038 obstaculo
1178 2979 1237 3038 aut
1253 2969 1470 3036 reuocatione
1485 2969 1744 3057 quibuscunque
1760 2982 1915 3040 nostrum
1928 2995 2004 3041 suc·

631 3099 803 3144 cessorum
819 3087 1012 3144 nostrorum
1026 3098 1085 3142 seu
1098 3075 1242 3142 aliorum
1259 3096 1538 3160 quorumcunque
1556 3075 1834 3145 REDDENDO
1851 3075 1930 3144 inde
1946 3099 2006 3146 an-

631 3181 762 3250 nuatim
784 3181 865 3250 dicti
888 3182 1032 3248 andreas
1047 3191 1080 3247 et
1098 3180 1254 3247 metildes
1270 3180 1322 3246 sui
1339 3180 1479 3247 heredes
1495 3189 1529 3246 et
1544 3179 1710 3268 assignati
1726 3181 1889 3250 antedicti
1905 3183 2004 3252 nobis

631 3297 665 3354 et
681 3287 932 3355 successoribus
955 3285 1081 3352 nostris
1097 3307 1157 3352 seu
1174 3283 1411 3353 collectoribus
1429 3307 1489 3372 pro
1508 3293 1662 3373 tempore
1686 3308 1857 3354 summam
1879 3307 2004 3356 nouem

632 3393 792 3460 librarum
808 3391 969 3460 tredecim
983 3391 1166 3459 solidorum
1179 3400 1212 3456 et
1225 3401 1371 3476 quatuor
1386 3391 1603 3458 denariorum
1616 3392 1745 3459 vsualis
1761 3403 1898 3460 monete
1910 3393 2006 3480 regni

633 3497 737 3566 scotie
753 3508 916 3584 tanquam
933 3519 993 3583 pro
1009 3495 1150 3585 antiqua
1163 3497 1260 3562 firma
1277 3497 1420 3562 Necnon
1437 3519 1496 3563 sex
1512 3497 1638 3565 solidos
1650 3507 1684 3563 et
1696 3507 1774 3564 octo
1790 3497 1948 3566 denarios
1965 3501 2005 3566 In

632 3603 944 3690 augmentationem
967 3601 1107 3670 rentalis
1123 3601 1229 3668 nostri
1246 3601 1424 3668 annuatim
1441 3603 1622 3688 plusquam
1638 3625 1788 3688 unquam
1809 3603 2006 3672 huiusmodi

631 3709 776 3798 piscaria
798 3707 896 3776 nobis
911 3719 970 3775 aut
987 3707 1272 3795 predicessoribus
1290 3707 1416 3774 nostris
1434 3707 1475 3774 In
1490 3707 1605 3774 valore
1628 3707 1771 3794 pecunie
1788 3709 2006 3795 persoluebat

631 3815 868 3882 extendentem
881 3813 915 3880 in
927 3823 1000 3880 toto
1013 3814 1056 3880 ad
1066 3835 1238 3879 summam
1250 3815 1367 3879 decem
1380 3812 1541 3880 librarum
1555 3822 1692 3879 monete
1704 3813 1855 3898 predicte
1865 3815 1908 3882 ad
1919 3817 2007 3882 duos

632 3920 712 3988 anni
735 3919 899 3986 terminos
916 3917 1053 3986 vsuales
1076 3917 1284 4004 penticostes
1299 3917 1456 3984 videlicet
1480 3925 1514 3983 et
1538 3917 1649 3984 sancti
1674 3915 1813 4003 martinj
1831 3917 1866 3984 in
1882 3917 2006 4006 hyeme

632 4046 691 4114 per
706 4025 844 4112 equales
860 4027 945 4091 duas
967 4023 1097 4090 medias
1120 4023 1293 4110 portiones
1309 4021 1446 4090 nomine
1462 4021 1652 4090 feudifirme
1673 4023 1746 4090 Nec
1765 4044 1834 4090 non
1849 4023 2006 4093 faciendo

632 4131 710 4198 inde
740 4129 917 4198 annuatim
949 4149 1105 4214 supreme
1135 4127 1272 4196 domine
1302 4137 1418 4194 nostre
1445 4127 1560 4214 regine
1587 4137 1621 4194 et
1649 4126 1722 4194 suis
1749 4129 2007 4198 successoribus

632 4235 768 4322 regibus
794 4257 854 4302 seu
880 4233 1007 4320 reginis
1030 4231 1136 4300 scotie
1159 4231 1341 4300 seruicium
1361 4231 1563 4320 burgagium
1587 4231 1666 4300 inde
1690 4232 1842 4300 debitum
1867 4243 1901 4301 et
1925 4256 2006 4303 con·

632 4351 768 4410 suetum
794 4339 945 4408 Tantum
970 4361 1030 4426 pro
1053 4337 1146 4406 omni
1173 4337 1241 4404 alio
1264 4359 1366 4405 onere
1394 4335 1538 4406 seruicio
1565 4337 1711 4404 seculari
1738 4337 1917 4406 exactione
1945 4361 2006 4408 seu

631 4447 801 4516 demanda
816 4465 881 4530 que
897 4447 938 4511 de
954 4444 1105 4530 predicta
1121 4443 1268 4529 piscaria
1283 4465 1362 4510 cum
1379 4441 1450 4510 suis
1466 4439 1685 4528 pertinenciis
1707 4441 1901 4528 aliqualiter
1916 4443 2005 4531 exigi

632 4551 779 4639 poterint
795 4560 855 4618 aut
870 4549 995 4636 requiri
1011 4549 1147 4637 prouiso
1163 4559 1280 4616 tamen
1302 4549 1392 4634 quod
1416 4547 1444 4614 si
1468 4545 1648 4634 contigerit
1664 4548 1775 4615 dictos
1791 4550 1954 4618 andream
1971 4559 2005 4618 et

633 4655 806 4724 metildem
834 4677 915 4722 suos
941 4654 1082 4722 heredes
1105 4663 1139 4720 et
1163 4653 1356 4741 assignatos
1379 4652 1571 4720 antedictos
1594 4651 1738 4720 deficere
1767 4653 1808 4719 In
1835 4653 2005 4724 solutione
