4490 5990
472 655 639 722 Fandaoio
659 655 811 722 Dmrcani
833 653 968 722 Sclurar
988 655 1031 720 ad
1053 655 1152 722 altare
1174 657 1286 724 Sancti
1307 658 1396 724 Petri
1568 661 1610 746 65
1692 711 1698 726 .

252 829 309 898 vni
331 829 507 915 capellano
527 830 659 914 ydoneo
684 837 845 914 perpetue
867 827 1068 896 celibraturo
1090 829 1125 896 in
1147 829 1290 899 ecclesia
1313 831 1499 900 cathedrali
1526 833 1611 904 abir-

253 935 393 1005 donensi
409 936 452 1003 ad
467 935 574 1002 altar'e
589 933 698 1002 sancti
714 935 847 1000 Andree
863 935 928 1000 Per
939 935 1109 1020 quondam
1125 936 1212 1004 boue
1227 937 1387 1004 memorie
1408 938 1610 1024 Magistrum

252 1041 460 1110 laurencium
483 1049 564 1126 pyot
587 1041 757 1125 quondam
773 1037 1049 1107 archidiaconum
1072 1043 1115 1108 ab
1137 1041 1277 1128 antiquo
1297 1042 1331 1108 in
1355 1052 1451 1128 parte
1472 1044 1611 1112 fundate

254 1149 409 1214 Eandem
439 1144 662 1232 capellaniam
692 1145 734 1211 de
766 1164 855 1210 nouo
884 1143 1065 1230 Ampleare
1094 1146 1211 1213 dotare
1246 1155 1443 1232 agmentare
1475 1147 1612 1215 domino

251 1253 388 1320 fauente
400 1249 550 1336 disposui
565 1259 599 1316 et
615 1239 768 1318 ordinaui
785 1269 862 1316 cum
877 1248 977 1316 terris
988 1257 1022 1316 et
1031 1249 1155 1318 annuis
1167 1251 1368 1321 Redditibus
1385 1253 1612 1339 Infrascriptis

253 1379 398 1425 unacum
426 1377 592 1425 consensu
619 1365 653 1422 et
684 1375 826 1424 assensu
856 1353 984 1422 domini
1015 1354 1081 1422 mei
1108 1355 1236 1424 domini
1266 1357 1432 1426 Willelmi
1461 1359 1609 1445 episcopi

254 1461 487 1531 abirdonensis
501 1471 536 1528 et
552 1459 692 1547 capituli
707 1459 858 1528 eiusdem
874 1469 973 1546 prout
986 1458 1021 1526 in
1033 1459 1139 1528 literis
1154 1463 1348 1547 patentibus
1364 1463 1467 1532 michi
1478 1467 1519 1533 de
1533 1468 1610 1532 Iure

254 1576 455 1654 patronatus
478 1569 621 1652 desuper
643 1565 806 1634 confectis
828 1563 961 1651 plenius
976 1564 1169 1634 continetur
1191 1567 1334 1636 Nouerit
1357 1569 1466 1654 Igitur
1478 1569 1610 1638 uniuer-

255 1671 340 1738 sitas
353 1679 468 1738 vestra
483 1693 538 1738 me
560 1693 638 1738 cum
653 1691 822 1739 consensu
845 1679 879 1738 et
895 1691 1038 1737 assensu
1053 1672 1257 1757 supradietis
1271 1673 1385 1742 diuine
1405 1677 1612 1762 contempla·

255 1775 362 1842 cionis
378 1777 517 1844 Intentu
533 1776 666 1844 dedisse
689 1775 897 1844 concessisse
913 1785 946 1842 et
962 1777 1183 1844 confirmasse
1198 1799 1238 1846 ac
1260 1787 1376 1848 tenore
1399 1783 1610 1866 presencium

255 1883 336 1948 dare
346 1883 529 1948 concedere
540 1891 574 1948 et
586 1881 650 1949 hac
663 1881 811 1972 presenti
822 1890 917 1948 carta
928 1903 1005 1949 mea
1016 1883 1059 1950 ad
1071 1893 1240 1950 mortuam
1253 1905 1392 1953 manum
1405 1889 1611 1972 lnquantum

255 1985 290 2052 in
306 2007 361 2054 me
376 1995 428 2055 est
444 1987 663 2054 confirmasse
678 1990 741 2055 deo
756 1996 790 2054 et
810 1986 1052 2072 gloriosissime
1067 1989 1199 2076 Virginj
1217 1991 1322 2058 marie
1338 1993 1465 2061 Sancto
1487 1997 1613 2062 andree

256 2093 383 2160 Sancto
409 2093 542 2160 moloco
566 2101 600 2160 et
627 2093 754 2160 Sancto
782 2091 890 2160 fotino
918 2091 1075 2178 dictoque
1105 2093 1203 2162 altari
1233 2105 1267 2164 et
1293 2099 1470 2183 capellano
1500 2097 1612 2168 Inhibi

255 2219 316 2284 pro
342 2207 504 2284 perpetuo
530 2198 731 2266 celibraturo
756 2219 817 2284 pro
843 2197 953 2266 salute
975 2208 1009 2266 et
1032 2198 1212 2269 animabus
1238 2201 1352 2270 Iaeobi
1382 2203 1493 2288 quarti
1522 2224 1613 2271 nunc

257 2302 362 2388 Regis
384 2313 554 2370 scotorum
579 2303 803 2390 Illustrissimj
830 2303 1086 2388 Reuerendique
1107 2303 1142 2370 in
1165 2304 1293 2373 christo
1314 2307 1422 2392 patris
1436 2316 1469 2376 et
1486 2307 1613 2375 domini

256 2407 384 2477 domini
410 2409 576 2478 Willelmi
606 2408 769 2496 Episcopi
795 2429 886 2476 nunc
912 2409 1144 2477 abirdonensis
1171 2411 1217 2478 Et
1243 2433 1304 2497 pro
1330 2412 1445 2480 anima
1471 2433 1547 2481 mea
1573 2427 1614 2480 ac

256 2525 391 2602 patrum
407 2524 441 2582 et
457 2524 604 2582 matrum
627 2536 779 2583 meorum
795 2523 829 2582 et
844 2513 992 2600 priorum
1014 2503 1231 2584 fundatorum
1254 2517 1404 2585 eiusdem
1427 2517 1614 2603 capellanie

256 2630 435 2707 parentum
465 2641 698 2688 suceessorum
728 2629 919 2688 nostrorum
949 2620 1090 2688 fratrum
1117 2643 1268 2688 sororum
1299 2632 1333 2690 et
1362 2622 1612 2690 benefactorum

257 2747 408 2794 meorum
443 2727 661 2813 omniumque
691 2726 833 2794 aliorum
855 2725 1009 2794 vinorum
1041 2747 1082 2794 ac
1111 2727 1344 2795 defunctorum
1375 2749 1485 2814 aquo
1514 2728 1614 2794 uela

256 2833 378 2918 quibus
395 2831 509 2918 aliqua
527 2835 615 2901 bona
629 2832 740 2918 recepi
762 2841 796 2899 et
811 2831 938 2918 eisdem
961 2833 1004 2898 ad
1020 2832 1224 2918 condignum
1240 2852 1307 2900 non
1323 2832 1471 2901 satisfeci
1485 2831 1612 2900 Totum

256 2937 340 3006 illud
369 2947 601 3006 tenementum
632 2959 745 3005 meum
776 2937 848 3004 siue
877 2947 1000 3004 terram
1038 2958 1150 3006 meam
1187 2939 1229 3006 de
1262 2960 1351 3006 nouo
1384 2947 1613 3006 constructam

258 3045 431 3111 Iacentem
455 3044 489 3110 in
511 3043 730 3112 uniuersitate
756 3043 970 3110 abirdonensi
996 3045 1089 3110 Inter
1114 3065 1329 3112 communem
1351 3044 1441 3112 viam
1470 3041 1612 3128 Regiam

257 3171 298 3216 ex
313 3149 467 3218 orientali
486 3173 527 3216 ex
543 3171 610 3217 vna
626 3153 672 3217 Et
687 3160 795 3217 terras
810 3151 851 3216 de
867 3151 992 3216 Setone
1007 3171 1048 3215 ex
1066 3149 1265 3236 occidentalj
1283 3150 1435 3236 partibus
1449 3151 1493 3218 ab
1507 3149 1614 3216 altera

259 3257 305 3322 Et
321 3265 445 3323 terram
461 3255 614 3342 magistri
630 3257 702 3322 Ade
717 3257 864 3342 gurdone
874 3254 1080 3340 precentoris
1096 3255 1317 3323 morauiensis
1331 3277 1448 3322 versus
1460 3263 1612 3322 austrum

258 3372 291 3429 et
315 3383 529 3430 communem
555 3362 722 3430 venellam
744 3382 862 3429 versus
888 3363 1022 3428 boream
1046 3361 1097 3428 Ac
1119 3381 1223 3428 vnum
1250 3381 1400 3429 annuum
1428 3357 1612 3426 Redditum

257 3468 367 3535 decim
393 3467 575 3535 solidorum
602 3469 644 3536 de
669 3475 758 3534 terra
782 3467 914 3533 Andree
941 3467 1104 3552 kennerty
1127 3469 1264 3534 Iacente
1285 3466 1320 3533 in
1343 3467 1461 3534 eadem
1482 3462 1613 3532 uniuer-

258 3573 359 3641 sitate
382 3571 595 3640 abirdonensi
618 3575 712 3640 Inter
736 3581 860 3640 terram
889 3571 1051 3640 Iohannis
1072 3593 1160 3658 cong
1185 3594 1226 3640 ex
1251 3571 1391 3641 australi
1418 3591 1458 3638 cx
1483 3589 1550 3637 vna
1579 3577 1613 3634 et

257 3687 382 3746 terram
408 3677 575 3746 Willelmi
600 3663 779 3748 Wilsoirne
804 3695 846 3744 ex
874 3677 992 3746 boriali
1018 3677 1170 3764 partibus
1195 3678 1239 3746 ab
1264 3677 1370 3744 altera
1400 3673 1614 3742 INSUPER

258 3783 422 3852 uoueritis
444 3805 499 3850 me
521 3805 582 3870 pro
604 3783 713 3852 salute
736 3793 770 3851 et
793 3782 972 3852 animabus
994 3783 1180 3869 prenotatis
1202 3782 1334 3852 dedisse
1350 3777 1558 3848 concessisse
1580 3785 1614 3844 et

259 3891 324 3958 hac
347 3889 494 3976 presenti
515 3899 609 3958 carta
630 3911 706 3958 mea
726 3889 944 3958 confirmasse
963 3888 1030 3956 Vni
1052 3888 1172 3957 queni
1193 3886 1342 3955 studenti
1364 3884 1399 3952 in
1421 3883 1551 3952 artibus
1573 3883 1615 3948 de

259 3994 423 4081 sanguine
450 4016 526 4062 meo
552 3995 580 4062 si
609 3995 794 4081 reperiatur
823 3995 945 4063 habilis
978 3996 1021 4062 ad
1051 3993 1163 4062 studia
1193 3993 1365 4061 literarum
1396 3987 1614 4060 recidentiam

260 4100 470 4187 personalem
490 4100 669 4170 facientem
690 4101 725 4167 in
746 4123 834 4168 nouo
850 4100 991 4186 collegio
1005 4099 1235 4167 uniuersitatis
1250 4094 1482 4166 abirdonensis
1497 4115 1615 4160 omnes

259 4215 293 4274 et
309 4205 461 4293 singulos
471 4227 603 4276 annuos
619 4206 785 4276 Redditus
800 4205 1007 4291 subscriptos
1030 4207 1073 4274 ad
1096 4225 1265 4272 summam
1288 4201 1390 4270 trium
1405 4199 1565 4266 librarum
1581 4209 1615 4264 et

260 4312 370 4380 decim
394 4312 576 4380 solidorum
600 4313 819 4380 extendentes
845 4311 1021 4380 annuatim
1047 4311 1202 4378 videlicet
1224 4329 1328 4376 vnum
1352 4325 1502 4374 annuum
1527 4305 1615 4370 Red-

261 4417 369 4486 ditum
385 4417 494 4487 decim
511 4418 692 4486 solidorum
709 4421 855 4486 deterre
871 4419 1040 4503 quondam
1052 4415 1219 4510 Willelmi
1231 4411 1461 4480 Andrissoune
1478 4411 1615 4476 Iacente

260 4525 296 4594 in
319 4525 425 4609 burgo
450 4526 492 4592 de
518 4525 675 4593 abirdene
696 4523 731 4590 in
754 4523 828 4590 vico
851 4523 1005 4590 inferiore
1026 4522 1168 4590 ecclesie
1190 4521 1278 4588 inter
1298 4529 1423 4586 terram
1447 4515 1616 4602 quondam

261 4629 363 4698 dauid
379 4649 560 4718 symsoune
572 4651 613 4696 ex
627 4639 723 4719 parte
738 4629 880 4698 australi
892 4639 925 4696 et
938 4639 1063 4696 terram
1075 4629 1245 4712 quondam
1261 4623 1362 4695 dauid
1374 4625 1565 4696 Watsoune
1577 4639 1618 4690 en

935 4733 947 4789 l
