4472 5992
731 675 896 744 Fundanio
919 674 1033 742 I'lronw
1055 676 1136 742 Prot

903 905 964 972 XI.

250 1031 415 1100 Fundacio
436 1031 592 1120 quosdam
614 1031 687 1098 botre
705 1029 851 1098 numeria
874 1029 988 1098 Thomu
1004 1029 1258 1118 stratburgensis
1281 1028 1374 1116 durgi
1393 1029 1429 1095 do
1450 1027 1610 1096 Abcrdrne
1633 1035 1678 1090 rot.
1694 1033 1743 1091 17ι

406 1159 490 1206 anno
505 1137 626 1204 domini
639 1135 804 1204 millesimo
818 1135 1119 1224 quadringentesimo
1133 1135 1332 1221 amragas'rm
1346 1133 1452 1222 priato

346 1261 534 1330 MNIBUS
549 1260 638 1328 hanc
653 1269 783 1328 cartam
794 1257 917 1326 visuris
927 1259 981 1327 vel
997 1257 1162 1328 audituris
1176 1258 1329 1326 Thomas
1344 1265 1420 1343 prat
1435 1254 1613 1342 burgensis

389 1365 484 1452 burgi
499 1367 541 1434 de
556 1363 724 1434 Abirdene
747 1366 911 1432 Etemam
927 1363 962 1432 in
978 1363 1115 1432 domino
1136 1364 1288 1432 Salutem
1313 1360 1485 1430 Noveritis
1507 1383 1561 1428 me
1577 1359 1611 1426 in

254 1478 475 1554 augmentum
496 1469 600 1538 divini
623 1470 736 1540 cultus
756 1469 791 1538 in
812 1471 973 1538 honorem
997 1468 1051 1538 dei
1074 1467 1317 1556 omnipotentis
1340 1466 1534 1536 beatissime
1549 1465 1613 1534 vir·

253 1574 343 1660 ginis
358 1575 463 1644 marie
479 1577 526 1644 Et
542 1578 716 1646 beatorum
737 1575 854 1644 thome
874 1575 1023 1662 apostoli
1035 1584 1069 1644 et
1083 1575 1210 1662 georgii
1231 1573 1390 1662 martyris
1405 1595 1445 1642 ac
1460 1571 1613 1642 omnium

254 1689 449 1750 sanctorum
475 1703 536 1768 pro
559 1682 668 1750 salute
691 1681 804 1750 anime
830 1702 904 1750 mee
928 1680 1119 1750 animarum
1141 1691 1320 1768 parentum
1348 1701 1490 1748 uxorum
1521 1688 1613 1748 ante·

254 1807 426 1854 cessurum
450 1807 682 1856 successorum
706 1787 958 1856 benefactorum
980 1797 1014 1856 et
1037 1787 1189 1856 omnium
1208 1787 1358 1856 lidelium
1380 1785 1614 1854 defunctorum

254 1899 289 1958 et
307 1889 482 1978 signanter
503 1913 563 1978 pro
586 1890 765 1961 animabus
787 1891 921 1960 illorum
945 1913 1086 1978 quorum
1110 1891 1224 1978 aliqua
1243 1894 1331 1962 bona
1354 1911 1503 1978 unquam
1522 1889 1615 1976 juste

255 1994 358 2066 habui
381 2019 440 2066 seu
464 1999 608 2084 adeptus
629 1997 677 2066 fui
700 1997 834 2066 dedisse
856 1997 1065 2066 concessisse
1091 2007 1125 2066 et
1151 1999 1216 2066 bac
1242 1997 1390 2084 presenti
1420 2005 1515 2066 carta
1539 2015 1616 2064 mea

255 2103 474 2171 confirmasse
504 2103 568 2171 deo
596 2101 820 2188 omnipotenti
847 2101 1089 2188 gloriosissime
1110 2101 1230 2188 virginj
1259 2101 1365 2170 marie
1394 2111 1428 2168 et
1458 2100 1617 2170 omnibus

255 2208 384 2276 sanctis
417 2217 451 2276 et
485 2207 584 2276 altari
620 2210 795 2276 beatorum
830 2208 947 2276 thome
981 2207 1125 2295 apostoli
1159 2218 1192 2274 et
1225 2207 1352 2293 georgii
1390 2205 1548 2293 martyris
1581 2204 1616 2272 in

255 2311 399 2382 ecclesia
436 2311 526 2380 beati
564 2311 723 2398 nicholaij
762 2314 805 2380 de'
841 2313 1017 2380 Aberdene
1054 2311 1181 2380 situato
1218 2333 1258 2380 ac
1296 2309 1434 2380 domino
1471 2308 1616 2378 Iohanni

254 2427 330 2502 prat
360 2417 537 2504 capellano
566 2426 728 2504 perpetuo
758 2439 835 2486 meo
866 2417 995 2486 Ibidem
1026 2427 1219 2504 presentato
1249 2439 1368 2484 omnes
1399 2425 1433 2485 ct
1464 2415 1617 2502 singulos

251 2543 387 2608 annuos
423 2523 589 2590 Redditus
619 2543 714 2590 meos
744 2521 952 2610 subscriptos
989 2545 1066 2592 cum
1105 2522 1176 2590 suis
1208 2521 1425 2610 pertinenciis
1461 2523 1618 2590 iacentes

254 2627 340 2697 inira
380 2628 508 2697 dictum
555 2630 698 2714 burgtun
742 2631 896 2715 undeque
941 2651 1044 2698 vnum
1090 2650 1241 2698 annuum
1286 2627 1454 2698 redditum
1495 2625 1616 2714 viginti

255 2731 438 2802 solidorum
461 2736 502 2803 de
525 2743 615 2802 terra
636 2735 801 2805 Willelmi
822 2735 960 2804 chamer
979 2737 1117 2804 Iacente
1132 2733 1166 2802 in
1181 2735 1256 2803 vico
1273 2734 1443 2804 turcarum
1466 2755 1507 2802 ex
1529 2732 1616 2802 occi

255 2837 383 2906 dentali
412 2847 508 2926 parte
537 2839 688 2908 eiusdem
714 2839 779 2908 vici
811 2843 904 2910 Inter
933 2851 1057 2910 terram
1090 2839 1204 2909 Iacobi
1234 2840 1382 2908 colisone
1408 2861 1449 2908 ex
1475 2839 1616 2908 australi

257 2943 303 3010 Et
333 2952 458 3012 terram
490 2944 622 3032 patricij
658 2947 842 3014 adamsone
872 2967 912 3014 ex
942 2945 1068 3014 boreali
1097 2947 1212 3014 Vnum
1245 2947 1401 3014 annuum
1432 2941 1615 3012 Redditum

238 3049 372 3136 ,decern
399 3049 582 3118 solidorum
609 3051 650 3119 de
676 3061 766 3120 terra
793 3053 963 3137 quondam
992 3050 1154 3120 Iohannis
1177 3049 1319 3119 Walcar
1343 3049 1378 3118 in
1401 3051 1519 3118 eodem
1542 3049 1617 3118 vico

255 3173 296 3220 ex
314 3153 469 3222 orientali
492 3165 588 3242 parte
611 3155 762 3226 eiusdem
785 3156 873 3226 inter
895 3167 1020 3226 terram
1037 3155 1202 3226 Willelmi
1225 3155 1348 3224 tulidei
1363 3177 1405 3222 ex
1424 3154 1564 3224 australi
1583 3164 1616 3224 ct

255 3268 380 3328 terram
406 3260 492 3348 iorip
517 3261 680 3330 dauisone
706 3285 746 3330 ex
773 3263 899 3332 boreali
923 3265 1038 3330 Vnum
1065 3282 1216 3330 annuum
1242 3261 1410 3329 redditum
1436 3259 1616 3328 tresdecim

257 3364 440 3434 solidorum
456 3377 490 3436 et
506 3377 651 3454 quatuor
671 3367 885 3438 denariorum
902 3369 943 3436 de
958 3379 1048 3436 terra
1069 3369 1240 3454 quondam
1263 3365 1426 3435 Iohannis
1447 3366 1568 3437 tailzor
1582 3365 1617 3434 in

257 3470 375 3537 eodem
401 3470 476 3540 vico
506 3471 594 3542 inter
623 3483 747 3542 terram
778 3473 859 3542 dicti
886 3473 1052 3544 Willelmi
1082 3473 1204 3542 tulidel
1226 3493 1268 3540 ex
1293 3471 1419 3542 boreali
1448 3481 1482 3540 et
1509 3481 1617 3540 terras

257 3573 423 3642 Willelmi
452 3577 641 3648 Andirsone
678 3590 711 3648 et
743 3581 877 3648 Andree
910 3579 1032 3648 culane
1066 3578 1211 3648 Iunioris
1247 3601 1289 3648 ex
1326 3577 1467 3647 australi
1500 3579 1615 3646 Vnum

257 3697 407 3748 annuum
436 3681 619 3751 Redditum
647 3685 784 3770 Septem
808 3707 997 3754 mercatum
1021 3687 1062 3754 de
1084 3685 1167 3754 totis
1189 3695 1222 3754 et
1246 3683 1386 3770 integris
1408 3682 1508 3752 terris
1529 3683 1615 3752 meis

256 3782 464 3852 collateratis
474 3785 667 3872 jacentibus
682 3811 703 3856 a
718 3789 860 3874 gilberto
876 3789 1046 3858 murisone
1061 3789 1269 3876 recuperatis
1283 3787 1476 3876 jacentibus
1490 3788 1525 3856 in
1540 3787 1616 3856 vico

256 3887 396 3957 nauium
419 3889 508 3958 inter
528 3901 636 3960 terras
657 3895 790 3980 gilberti
811 3897 922 3964 Waus
942 3898 983 3965 de
1004 3918 1107 3984 many
1124 3906 1158 3964 et
1182 3895 1345 3964 Iohannis
1364 3896 1552 3962 andersonc
1574 3915 1616 3962 cx

256 3993 411 4062 orientali
435 4005 469 4063 et
494 4005 617 4066 terram
640 3999 759 4066 valteri
785 4001 881 4068 atkin
904 4023 945 4068 ex
967 4001 1107 4070 australi
1131 4009 1165 4068 et
1188 4020 1386 4068 communes
1407 3997 1480 4066 vias
1505 3998 1616 4085 regias

256 4121 374 4168 versus
388 4101 546 4170 occidens
560 4114 594 4172 et
610 4105 739 4174 beriam
755 4109 869 4176 Vnum
886 4129 1038 4177 annuum
1053 4107 1221 4177 redditum
1236 4105 1416 4174 tresdecim
1432 4103 1615 4172 solidorum

257 4213 290 4272 et
311 4215 456 4290 quatuor
470 4209 511 4276 de
526 4218 616 4279 terra
631 4211 797 4280 Willelmi
819 4214 974 4282 buchane
991 4215 1129 4282 Iacente
1144 4213 1179 4280 in
1194 4212 1269 4279 vico
1292 4209 1418 4279 caustn‘
1434 4231 1475 4277 ex
1490 4209 1616 4278 boreali

257 4321 353 4398 parte
370 4311 521 4382 eiusdem
544 4316 632 4385 inter
653 4327 778 4386 terram
794 4321 927 4387 Andree
943 4320 1053 4387 litster
1067 4341 1107 4386 ex
1123 4317 1277 4387 orientali
1293 4326 1326 4384 et
1341 4327 1466 4384 terram
1488 4315 1615 4404 Johan·

257 4415 311 4483 nis
341 4417 507 4488 malisone
534 4443 575 4490 cx
605 4423 806 4492 occidentali
837 4425 883 4492 Et
911 4447 1015 4494 vnum
1046 4445 1197 4492 annuum
1230 4422 1412 4492 Redditum
1442 4420 1614 4490 trisdeoim

258 4521 441 4592 solidorum
462 4535 495 4594 et
516 4535 660 4613 quatuor
674 4528 888 4598 denariorum
904 4532 945 4598 de
961 4531 1068 4598 altera
1088 4539 1177 4596 terra
1198 4527 1279 4596 dicti
1294 4525 1460 4596 Willelmi
1480 4525 1615 4596 buchan

258 4624 346 4694 inter
368 4637 499 4714 portam
522 4653 737 4704 communem
760 4633 911 4704 eiusdem
935 4635 1030 4722 burgi
1051 4656 1093 4703 ex
1112 4631 1267 4716 orientali
1289 4653 1411 4701 exuna
1433 4641 1468 4700 ct
1489 4641 1615 4700 terram

928 4739 951 4790 s
