4472 5992
674 625 775 695 cm
799 627 953 720 Willelmi
974 627 1011 694 dc
1030 627 1189 696 strabrorlr
1571 647 1614 718 53

254 799 283 864 si
303 799 444 866 heredes
462 797 542 866 dicti
561 799 689 868 arthuri
708 801 835 869 dictam
857 809 984 868 terram
1003 821 1063 886 pro
1084 799 1175 868 dicto
1194 801 1292 870 feodo
1308 808 1423 870 tenere
1443 802 1612 872 noluerint

252 901 329 968 volo
359 903 447 986 quod
470 902 562 970 dicta
584 913 674 970 terra
699 925 777 970 cum
803 901 1019 989 pertinenciis
1045 903 1292 990 imperpetuum
1316 917 1490 974 remaneat
1511 907 1609 993 altari

253 1005 343 1074 beati
354 1005 472 1094 Jacobj
486 1007 670 1093 supradicti
681 1008 851 1074 reddendo
861 1006 940 1074 inde
951 1007 1153 1074 forinsecum
1166 1007 1345 1076 seminium
1362 1007 1489 1076 domini
1504 1009 1611 1079 nostri

249 1109 338 1195 regis
359 1119 494 1179 tentum
522 1113 569 1179 Et
593 1111 713 1198 viginti
739 1110 866 1179 solidos
887 1110 1117 1196 stirlingorum
1144 1112 1186 1178 dc
1211 1119 1302 1180 terra
1324 1133 1427 1198 quam
1450 1113 1611 1182 ninianus

249 1213 350 1302 stoyll
373 1217 415 1283 de
440 1237 496 1284 me
518 1225 612 1284 tenet
638 1219 681 1285 ad
706 1217 927 1285 ieodifinnam
956 1218 1093 1284 lucente
1119 1215 1154 1284 in
1181 1217 1272 1286 dicto
1296 1218 1372 1286 vico
1395 1219 1497 1305 cestrj
1522 1218 1611 1288 inter
1710 1214 1714 1222 ’

250 1329 376 1388 terram
399 1322 516 1390 thome
538 1325 579 1390 de
602 1331 717 1390 strane
737 1345 855 1390 versus
880 1321 1038 1390 occidens
1060 1331 1094 1390 et
1116 1331 1241 1390 terram
1267 1323 1391 1394 roberti
1413 1326 1456 1394 de
1478 1325 1611 1394 salchot

247 1443 364 1493 versus
386 1427 498 1494 oriens
523 1429 570 1494 Er
593 1437 723 1514 septem
750 1428 859 1494 decim
882 1427 1009 1494 solidos
1033 1436 1068 1494 et
1094 1435 1172 1494 octo
1197 1427 1354 1496 denarios
1377 1429 1608 1515 stirlingoruru

247 1529 288 1596 de
313 1538 404 1598 terra
429 1553 531 1616 quam
554 1532 645 1618 hugo
667 1534 709 1599 de
733 1532 903 1600 Rudinum
919 1535 961 1601 de
976 1553 1031 1600 me
1051 1541 1144 1600 tenet
1165 1533 1209 1600 ad
1228 1531 1451 1600 leodifirmam
1470 1535 1610 1602 Iacente

248 1631 282 1699 in
297 1635 372 1704 vico
388 1637 489 1724 castri
507 1659 548 1704 ex
563 1637 718 1724 opposito
733 1637 842 1704 crucis
857 1637 946 1704 inter
959 1645 1084 1704 terram
1100 1635 1223 1704 roberti
1239 1637 1281 1706 de
1296 1636 1479 1723 edynhium
1491 1659 1610 1706 versus

249 1751 403 1810 austrum
433 1751 466 1808 et
496 1751 621 1810 terram
651 1741 817 1810 Willelmi
847 1742 929 1808 ettel
958 1761 1076 1808 versus
1105 1742 1242 1808 boream
1273 1742 1320 1808 Et
1349 1761 1418 1831 vnq
1444 1741 1609 1828 perticate

247 1855 334 1914 terre
359 1848 508 1916 lucentis
533 1847 568 1914 iu
589 1847 665 1916 vico
691 1849 733 1916 de
757 1847 829 1932 loty
850 1867 914 1932 que
937 1847 1106 1931 quondam
1128 1847 1315 1914 vocabatur
1333 1848 1437 1914 rubes
1457 1845 1609 1932 postrina

249 1951 478 2039 cuiuscunque
492 1953 617 2020 valoris
639 1975 713 2020 esse
735 1953 859 2039 poterit
874 1951 1055 2019 Tenendos
1070 1960 1105 2018 et
1120 1951 1294 2019 habendos
1316 1971 1378 2037 pro
1397 1950 1488 2018 dicto
1508 1951 1607 2018 altari

247 2057 349 2124 libere
371 2056 499 2144 quiette
521 2057 670 2144 plenarie
685 2067 719 2124 et
742 2055 924 2123 honorifice
948 2057 1033 2124 bene
1047 2063 1081 2122 et
1097 2054 1133 2120 in
1158 2075 1242 2140 pace
1261 2053 1334 2122 sine
1356 2053 1470 2140 aliquo
1485 2053 1607 2122 retine·

247 2172 362 2230 mento
384 2163 439 2230 uel
463 2162 576 2248 aliqua
590 2161 835 2230 reclamacione
853 2160 920 2226 mei
943 2160 1105 2226 heredum
1128 2179 1281 2226 meorum
1296 2168 1330 2226 et
1354 2159 1606 2245 assignatorum

247 2267 351 2334 Saluo
377 2265 598 2334 hortantum
625 2267 714 2350 quod
740 2287 803 2350 ego
828 2287 890 2351 pro
912 2285 989 2332 meo
1018 2272 1182 2350 perpetuo
1208 2273 1242 2332 et
1269 2263 1412 2332 heredes
1442 2263 1508 2332 mei
1535 2264 1607 2332 suis

245 2371 455 2457 temporibus
466 2371 534 2440 sint
546 2371 615 2438 veri
627 2371 761 2456 patroni
773 2370 924 2438 eiusdem
937 2369 1113 2436 elimosine
1128 2371 1172 2438 ad
1187 2371 1453 2455 presentandum
1468 2369 1606 2438 domino

246 2475 446 2562 diocyssano
472 2476 716 2544 ebberdonensi
745 2495 849 2542 vnum
875 2477 1045 2561 ydoneum
1071 2475 1309 2560 cappellanum
1335 2474 1451 2542 diuina
1481 2474 1605 2544 ibidem

246 2581 494 2652 celebraturum
517 2579 813 2666 quocienscunque
829 2601 916 2666 opus
937 2578 1038 2648 luerit
1062 2581 1109 2646 Et
1132 2599 1195 2665 ego
1217 2579 1390 2666 predictus
1409 2578 1606 2648 Willelmus

245 2695 279 2754 et
295 2687 435 2754 heredes
450 2684 517 2753 mei
540 2695 574 2754 et
590 2685 656 2752 mei
672 2685 836 2770 assignati
851 2685 961 2754 dictus
977 2705 1035 2752 sex
1057 2705 1189 2752 merces
1208 2705 1340 2752 annuas
1355 2693 1392 2752 ut
1415 2683 1603 2770 predictum

246 2800 299 2861 est
320 2811 379 2876 per
400 2811 519 2858 ornnes
540 2799 649 2858 terras
670 2800 805 2858 nostras
825 2789 977 2858 redditus
995 2799 1029 2858 et
1047 2789 1278 2878 possessiones
1293 2789 1605 2860 warantizabimus

246 2897 514 2982 acquietabimus
538 2906 572 2964 et
602 2897 825 2983 imperpetum
852 2897 1071 2964 defendemus
1098 2897 1139 2964 In
1169 2895 1266 2964 cuius
1291 2895 1339 2982 rej
1370 2893 1603 2962 testimonium
1703 2887 1707 2896 ⁴

244 3001 393 3087 presenti
415 3011 509 3070 carte
531 3001 688 3087 Sigillum
715 3011 903 3068 meumest
927 3021 1114 3086 appensum
1138 3009 1172 3068 et
1198 3003 1242 3068 ad
1263 2999 1468 3068 instanciam
1490 3021 1602 3068 meam

243 3116 278 3173 et
304 3105 437 3174 heredis
459 3106 526 3174 mei
549 3107 705 3192 Sigillum
720 3105 922 3174 venerabilis
937 3105 1045 3192 patris
1066 3105 1101 3172 in
1124 3103 1252 3176 christo
1272 3103 1399 3174 domini
1415 3105 1469 3174 dei
1488 3103 1603 3191 grana

245 3211 393 3298 episcopi
415 3212 679 3280 abberdonensis
696 3221 730 3279 et
751 3211 899 3297 sigillum
916 3231 1096 3278 commune
1114 3209 1212 3296 burgi
1226 3213 1269 3280 de
1289 3210 1470 3280 abbirdene
1491 3210 1602 3297 gratia

242 3317 428 3403 testimonij
452 3319 666 3403 presentibus
687 3315 811 3403 apponi
834 3315 1013 3401 procuraui
1032 3317 1158 3384 Actum
1181 3325 1215 3382 et
1237 3317 1356 3384 datum
1379 3325 1413 3384 et
1436 3316 1600 3402 scriptum

243 3423 334 3506 apud
356 3421 516 3488 abirdene
530 3421 584 3488 die
607 3421 738 3505 sabbatj
760 3420 795 3486 in
810 3419 897 3486 leste
919 3418 1198 3488 annunciacionis
1220 3421 1319 3490 beate
1340 3419 1448 3488 marie
1461 3419 1601 3505 virginis

242 3527 342 3593 Anno
357 3525 470 3612 gracie
492 3525 672 3594 millesimo
687 3524 919 3594 tricentesimo
933 3523 1194 3610 quadragesimo

421 3748 426 3756 '
522 3737 583 3804 EC
599 3744 651 3803 est
665 3757 745 3804 vera
760 3745 794 3803 et
814 3734 1005 3804 indubitata
1019 3734 1117 3820 copie
1138 3744 1230 3804 certe
1245 3733 1419 3820 originalis
1433 3733 1599 3806 Willelmi

564 3843 606 3910 de
642 3841 817 3909 strabrocb
854 3843 896 3909 de
932 3863 991 3910 sex
1027 3842 1150 3912 mercis
1183 3841 1413 3926 stirlingorum
1449 3840 1599 3908 fundatis

409 3947 585 4032 capellano
608 3945 768 4014 seruienti
784 3947 827 4014 ad
843 3945 949 4014 altare
971 3947 1081 4016 sancti
1097 3945 1204 4032 iscobj
1229 3944 1373 4030 apostoli
1396 3967 1455 4030 per
1469 3944 1598 4028 dictum

413 4051 627 4120 Willelmum
663 4051 801 4136 coplata
836 4059 870 4142 et
899 4051 1093 4120 auscultata
1122 4073 1162 4120 sc
1192 4049 1419 4118 collacionata
1455 4069 1515 4134 per
1543 4069 1598 4114 me

304 4217 360 4273 ⁰:
413 4155 615 4242 magistrum
652 4155 865 4224 Willelmum
903 4155 1096 4240 philipsoun
1139 4154 1310 4222 notarium
1355 4151 1526 4238 publicum
1564 4161 1597 4220 et

323 4279 361 4326 s·
413 4261 594 4328 concordat
620 4281 700 4328 cum
722 4281 785 4328 sua
807 4259 962 4345 originali
984 4269 1079 4328 carta
1101 4261 1143 4326 de
1165 4260 1267 4328 verbo
1289 4258 1324 4324 in
1346 4257 1486 4326 verbum
1509 4257 1598 4341 quod

336 4349 357 4430 Β
413 4375 558 4432 attestor
590 4387 650 4451 per
683 4365 919 4451 cirographum
950 4385 1064 4432 meum
1099 4363 1178 4430 huic
1209 4363 1374 4448 scripture
1404 4361 1596 4447 appositum

335 4453 360 4550 i,
413 4491 502 4538 anno
517 4471 644 4538 domini
667 4471 848 4538 millesimo
867 4470 1138 4556 quingentesimo
1152 4469 1313 4542 vicesimo
1333 4477 1429 4538 sexto
1449 4467 1503 4536 die
1516 4487 1597 4534 vero

335 4554 361 4654 ff
413 4575 540 4642 mensis
554 4575 741 4645 decembris
755 4575 887 4644 decimo
901 4595 991 4644 nono
