4460 5984
676 639 776 705 Carta
797 637 927 704 domini·
941 637 1075 736 villelmi
1095 647 1218 730 compar

887 875 1013 944 XCIV.

365 1018 553 1086 MNIBUS
579 1017 668 1086 hanc
695 1025 825 1086 cartam
851 1017 974 1086 visuris
998 1019 1051 1086 vel
1079 1019 1244 1088 audituris
1273 1020 1431 1090 dominus
1456 1023 1627 1094 villelmus

406 1145 540 1210 cowpar
565 1122 762 1208 capellanus
788 1132 939 1196 etemam
962 1123 997 1190 in
1020 1124 1157 1192 domino
1183 1125 1328 1196 salutem
1355 1127 1443 1215 Quia
1468 1150 1528 1214 per
1554 1129 1628 1216 pias

271 1228 441 1296 orationes
455 1237 489 1296 et
510 1227 690 1296 missarum
706 1228 762 1295 vbi
780 1228 870 1296 filius
892 1229 1118 1314 propeccatis
1140 1231 1265 1298 nostris
1281 1233 1368 1318 patri
1384 1235 1522 1302 offertur
1543 1236 1628 1302 cele·

271 1333 441 1401 brationes
456 1333 633 1418 presertim
649 1333 829 1400 continuas
844 1333 1012 1400 credimus
1029 1345 1169 1419 peccata
1184 1336 1308 1404 dimitti
1324 1339 1507 1424 purgatorij
1524 1361 1629 1424 penae

271 1439 424 1506 demoliri
439 1449 472 1504 et
488 1439 531 1506 ab
547 1437 674 1504 eisdem
690 1438 924 1506 detunctorum
945 1439 1078 1506 animas
1092 1440 1300 1525 frequentius
1323 1443 1455 1512 liberari
1477 1453 1511 1512 et
1534 1465 1629 1530 para·

271 1543 335 1609 disi
357 1543 490 1628 gaudiis
514 1542 670 1610 collocari
695 1543 868 1609 Noueritis
890 1543 992 1629 igitur
1008 1565 1061 1610 me
1076 1545 1266 1612 deuotionis
1285 1546 1339 1632 pie
1354 1548 1474 1616 effectu
1498 1559 1628 1618 motum

272 1650 313 1716 In
336 1650 498 1716 honorem
522 1657 640 1716 sancte
663 1658 696 1714 et
723 1648 895 1716 indiuidue
921 1649 1085 1718 trinitatis
1110 1651 1216 1736 patris
1240 1652 1300 1718 filii
1323 1663 1356 1719 et
1380 1654 1629 1740 spiritussanctl

270 1753 511 1839 gloriosissime
532 1753 673 1838 virginis
695 1753 799 1820 marie
822 1755 873 1820 Ac
895 1755 1046 1822 omnium
1071 1765 1266 1824 sanctorum
1290 1758 1426 1826 celestis
1451 1759 1544 1828 curie
1569 1781 1630 1845 pro

271 1859 381 1926 salute
404 1859 516 1926 anime
543 1880 617 1926 mee
645 1867 678 1925 et
705 1858 894 1927 animarum
921 1859 1027 1944 patris
1054 1869 1087 1927 et
1114 1861 1233 1928 matris
1259 1863 1325 1930 mei
1351 1863 1479 1930 domini
1506 1867 1629 1934 andree

270 1985 397 2050 coupar
410 1965 524 2032 fratris
539 1963 606 2030 mei
628 1963 780 2050 germani
799 1973 987 2050 margarete
1003 1965 1153 2032 chalmer
1167 1965 1248 2032 olim
1264 1966 1400 2034 domine
1414 1969 1456 2036 de
1471 1968 1630 2036 findlater

269 2069 388 2136 valteri
412 2069 544 2136 cullane
567 2078 601 2136 et
624 2069 806 2136 elizabetht
826 2079 901 2156 prat
925 2069 1131 2155 Illorumque
1153 2070 1305 2138 omnium
1327 2093 1347 2140 a
1369 2073 1490 2157 quibus
1513 2073 1626 2158 aliqua

269 2175 358 2241 bona
380 2174 493 2242 minus
516 2176 610 2240 Iuste
633 2174 734 2260 habuj
759 2175 809 2240 Ac
832 2173 1021 2242 animarum
1046 2175 1196 2241 omnium
1220 2175 1369 2242 fidelium
1393 2177 1626 2246 defunctorum

270 2280 402 2348 dedisse
419 2281 465 2346 Et
481 2279 516 2345 in
532 2301 651 2365 puram
673 2289 706 2345 et
730 2289 926 2364 perpetuam
949 2279 1161 2348 elimosinam
1182 2281 1389 2348 concessisse
1409 2291 1443 2350 et
1466 2282 1530 2350 hac
1554 2304 1627 2368 pre·

270 2385 357 2452 senti
383 2395 478 2452 carta
504 2405 580 2452 mea
605 2385 824 2452 confirmasse
855 2385 997 2452 Necnon
1023 2393 1139 2451 tenore
1169 2384 1379 2470 presencium
1411 2387 1503 2452 Dare
1530 2395 1563 2452 et
1590 2387 1626 2452 in

269 2509 388 2575 puram
411 2499 445 2558 et
468 2499 666 2574 perpetuam
687 2489 898 2556 elimosinam
919 2489 1107 2556 concedere.
1126 2499 1159 2556 et
1176 2489 1242 2557 hac
1263 2489 1411 2575 presenti
1434 2501 1529 2558 carta
1549 2511 1627 2560 mea

270 2595 468 2664 confirmare
493 2595 741 2662 venerabilibus
767 2605 800 2662 et
827 2595 981 2662 discretis
1006 2595 1087 2662 vin‘s
1113 2605 1230 2664 curato
1256 2606 1289 2664 et
1317 2595 1501 2682 capellanis
1531 2596 1625 2664 chori

268 2699 409 2766 ecclesie
442 2699 647 2786 parochialis
680 2699 749 2766 diui
770 2699 906 2784 nicolaj
938 2701 979 2766 de
1009 2700 1167 2768 abirdene
1198 2701 1244 2768 Et
1275 2700 1345 2769 suis
1375 2701 1626 2771 successoribus

268 2804 454 2890 capellanis
473 2805 554 2872 dicti
575 2803 669 2871 chori
686 2805 815 2871 Omnes
830 2813 863 2870 et
877 2803 1030 2890 singulos
1046 2825 1177 2872 annuos
1192 2805 1343 2872 redditus
1358 2825 1452 2872 meos
1468 2813 1501 2870 et
1517 2813 1626 2874 terras

268 2929 363 2976 meas
386 2909 595 2996 subscriptas
620 2931 698 2977 cum
725 2911 942 2995 pertinenciis
965 2911 1122 2978 videlicet
1148 2931 1252 2978 vnum
1280 2931 1431 2980 annuum
1457 2911 1627 2980 redditum

269 3024 398 3100 septem
422 3015 604 3082 solidorum
621 3018 662 3083 de
678 3015 784 3082 crofto
799 3015 918 3082 valteri
941 3015 1120 3084 howesone
1135 3025 1256 3084 vocato
1279 3015 1413 3084 belihill
1438 3017 1575 3084 Iacente
1590 3015 1624 3084 in

267 3119 435 3188 territorio
450 3121 651 3188 occidentali
668 3121 848 3190 croftorum
865 3121 945 3188 dicti
968 3122 1065 3207 burgi
1087 3122 1176 3190 inter
1191 3122 1334 3213 crottum
1350 3121 1521 3192 alexandri
1541 3143 1625 3207 gray

269 3225 414 3292 Iunioris
437 3245 477 3295 ex
500 3225 624 3294 boreali
651 3247 692 3292 ex
713 3247 780 3293 vna
802 3225 909 3294 crofta
931 3226 1063 3312 gilberti
1087 3226 1234 3295 mentem
1256 3248 1297 3294 ex
1319 3226 1459 3294 australi
1483 3236 1516 3294 et
1537 3226 1623 3294 occi-

267 3329 394 3398 dentali
417 3331 570 3416 partibus
593 3333 635 3399 ab
651 3330 764 3398 altera
773 3339 807 3398 et
822 3332 966 3398 crottum
983 3332 1125 3414 fratrum
1148 3331 1400 3401 carmelitarum
1423 3331 1504 3402 dicti
1526 3331 1623 3418 burgi

266 3457 384 3502 versus
398 3435 510 3502 oriens
526 3437 614 3502 Item
629 3457 733 3502 vnum
757 3457 907 3504 annuum
922 3437 1090 3503 redditum
1105 3436 1245 3522 tn‘ginta
1261 3437 1443 3506 solidorum
1459 3437 1501 3502 de
1516 3437 1624 3504 crotto

268 3541 432 3608 Iohannis
447 3541 608 3609 collisone
630 3543 768 3610 lacente
782 3543 817 3609 in
833 3543 924 3610 dicto
939 3543 1113 3610 terreton'o
1128 3542 1329 3610 occidentali
1344 3541 1525 3610 croltorum
1541 3541 1623 3610 dicti

267 3645 363 3731 burgi
379 3645 466 3712 inter
481 3645 624 3712 croftum
640 3647 810 3730 quondam
831 3645 993 3712 Iohannis
1009 3667 1083 3712 mar
1097 3667 1138 3712 ex
1153 3645 1308 3712 orientali
1323 3667 1363 3712 ex
1378 3666 1445 3712 vna
1459 3653 1567 3710 terras
1581 3645 1623 3710 de

266 3751 425 3818 rubislaw
439 3771 480 3817 ex
495 3750 696 3818 occidentali
712 3751 865 3836 partibus
879 3752 922 3818 ab
938 3751 1045 3818 altera
1059 3751 1203 3821 crottum
1218 3759 1354 3836 patrum
1369 3748 1621 3818 carmelitarum

266 3854 348 3922 dicti
370 3853 467 3940 burgi
481 3876 599 3922 versus
621 3864 774 3922 austrum
796 3855 843 3922 Et
863 3876 1078 3924 communem
1093 3855 1183 3922 viam
1202 3854 1329 3941 regiam
1344 3873 1463 3922 versus
1485 3853 1621 3920 boream

268 3961 355 4026 Item
381 3978 485 4026 vnum
512 3981 663 4028 annuum
689 3960 857 4028 redditum
885 3959 1061 4028 duodecim
1089 3961 1271 4028 solidorum
1299 3962 1341 4027 de
1366 3958 1472 4026 crolto
1498 3959 1640 4038 andree!

267 4085 402 4150 murray
417 4064 563 4132 Iunioris
582 4075 703 4132 vocato
725 4086 860 4150 cawsay
875 4066 959 4132 croit
983 4067 1121 4132 Iacente
1138 4065 1174 4132 in
1194 4064 1370 4131 terretorio
1392 4061 1516 4130 boreali
1539 4063 1622 4130 crof·

265 4177 377 4236 torum
399 4169 480 4236 dicti
500 4169 589 4236 inter
608 4170 750 4236 croltum
772 4171 914 4236 fratrum
935 4169 1182 4254 predicatorum
1203 4169 1284 4236 dicti
1304 4167 1400 4252 burgi
1421 4187 1462 4234 ex
1482 4164 1622 4233 australi

266 4293 306 4340 ex
334 4295 401 4341 vna
431 4274 574 4342 crottum
612 4273 731 4341 altaris
760 4273 837 4341 diue
867 4275 973 4341 marie
1003 4275 1202 4360 magdalene
1231 4295 1272 4342 ex
1308 4271 1433 4340 boreali
1470 4270 1622 4356 partibus

265 4379 308 4444 ab
331 4379 437 4445 altera
467 4399 682 4446 communem
711 4377 801 4444 viam
824 4378 952 4463 regiam
981 4399 1099 4445 versus
1121 4377 1232 4445 oriens
1254 4386 1288 4444 et
1311 4377 1355 4443 lie
1385 4373 1505 4442 cruikit
1535 4373 1622 4460 myir

264 4503 381 4550 uersus
403 4485 560 4552 occidens
584 4487 672 4551 Item
687 4505 791 4552 vnum
815 4503 966 4551 annuum
989 4484 1157 4551 redditum
1182 4505 1240 4549 sex
1262 4482 1445 4549 solidorum
1469 4481 1510 4547 de
1532 4488 1622 4546 terra

264 4591 433 4678 quondam
450 4591 551 4658 dauid
567 4592 655 4659 lame
672 4592 809 4658 Iacente
825 4612 865 4657 ex
880 4591 1035 4659 orientali
1050 4599 1147 4676 parte
1161 4589 1227 4656 vici
1241 4583 1508 4664 furcarum-dicti
1524 4584 1621 4686 burgi

573 4686 576 4701 ¹
928 4697 950 4754 Ζ
