4472 5992
556 675 749 742 ornamenta
771 675 863 742 vana
884 675 1021 746 Ecclesia
1044 675 1155 746 Samo·
1176 677 1328 748 Nicltolai
1583 703 1622 770 17

260 847 575 916 sacerdotalibusffet
591 847 668 934 alijs
689 847 889 934 necessariis
909 848 1189 920 conuenientibus
1207 854 1250 922 ad
1268 853 1384 946 diuina
1405 857 1451 924 Et
1468 859 1622 944 sepultus

259 963 311 1020 est
327 961 407 1022 ante
425 953 514 1024 idem
535 955 642 1024 altare
661 954 768 1024 Cuius
786 955 935 1026 animam
956 959 1118 1042 perducat
1139 959 1222 1028 deus
1238 963 1281 1030 ad
1296 962 1456 1032 celestem
1476 963 1621 1051 patriam

347 1183 404 1268 [Α]
414 1205 482 1251 nno
500 1182 627 1251 domini
648 1181 830 1251 Millesimo
852 1183 1083 1251 tricentesimo
1106 1183 1386 1272 quinquagesimo
1409 1189 1555 1275 septimo
1573 1193 1623 1260 vir
1646 1203 1834 1257 winemarum

260 1292 425 1358 honestus
454 1299 487 1358 et
516 1291 728 1358 venerandus
754 1289 945 1358 Alexander
970 1289 1139 1358 Willermi
1170 1292 1347 1376 burgensis
1376 1294 1418 1362 de
1447 1295 1621 1364 Aberdene

260 1394 414 1464 fundauit
432 1395 548 1463 Altare
569 1395 603 1462 in
624 1395 691 1462 fine
713 1394 914 1463 occidentali
937 1394 1078 1464 ecclesie
1101 1395 1249 1480 predicte
1268 1416 1308 1463 ex
1329 1409 1424 1484 parte
1447 1400 1564 1468 boriali
1587 1413 1620 1470 et

260 1500 393 1568 ornauit
416 1497 499 1568 illud
515 1503 556 1568 de
571 1499 729 1588 ymagine
745 1521 809 1586 que
831 1499 955 1568 dicitur
970 1502 1000 1568 le
1018 1503 1253 1587 Brouncroyce
1276 1501 1420 1589 desuper
1441 1505 1568 1574 situata
1588 1517 1641 1588 et,

260 1607 302 1673 de
325 1606 430 1674 calice
450 1608 612 1674 deaurato
634 1606 719 1674 libro
742 1604 872 1674 missali
895 1615 928 1672 et
952 1605 1029 1692 alijs
1048 1607 1249 1676 utensilibus
1270 1609 1560 1696 ornamentisque
1579 1612 1622 1678 ad

260 1709 377 1780 diuina
394 1710 574 1778 conuenire
596 1711 742 1779 debeant
765 1703 886 1778 Eciani
909 1710 943 1777 in
967 1711 1070 1778 choro
1092 1714 1134 1780 de
1156 1711 1325 1799 lapidibus
1346 1715 1527 1800 quadragis
1544 1717 1622 1784 lecit

261 1815 493 1902 pavimentum
509 1825 543 1884 et
558 1815 725 1902 picturam
744 1815 883 1884 inferius
897 1825 931 1884 et
947 1815 1094 1884 exterius
1108 1826 1143 1886 et
1159 1819 1313 1905 sepultus
1332 1829 1384 1888 est
1405 1831 1484 1888 ante
1506 1823 1622 1892 Altare

261 1919 359 1991 cuius
374 1922 487 1992 anime
502 1921 694 1992 miseriatur
709 1923 792 1991 deus

348 2151 405 2235 [A]
415 2169 482 2218 nno
503 2149 632 2219 domini
651 2148 834 2220 Millesimo
852 2148 1083 2217 tricentesimo
1105 2149 1384 2237 quinquagesimo
1405 2161 1528 2222 octauo
1547 2175 1621 2242 pro·
1645 2175 1802 2228 cunarum

261 2255 331 2324 uidi
347 2255 458 2324 viriet
474 2253 609 2324 discreti
630 2253 788 2322 dominus
808 2257 961 2322 Andreas
982 2255 1023 2322 de
1044 2255 1272 2344 Curtastoune
1290 2256 1487 2340 capellanus
1505 2267 1622 2326 sancte

262 2365 359 2430 Anne
381 2371 415 2429 et
439 2361 610 2429 lohannes
633 2361 736 2428 fichat
760 2359 936 2448 burgensis
959 2361 1001 2428 ad
1024 2359 1185 2428 fabricam
1213 2359 1355 2428 ecclesie
1377 2369 1410 2428 et
1434 2383 1494 2448 pro
1517 2362 1624 2450 ipsius

262 2467 473 2554 reparatione
499 2465 652 2552 magistri
675 2465 866 2553 specialiter
886 2465 983 2533 electi
1004 2465 1137 2534 fuerunt
1159 2465 1362 2554 Quiquidem
1384 2479 1624 2552 reparauerunt

262 2571 440 2640 ecclesiam
468 2571 696 2658 parochialem
723 2572 765 2638 de
791 2569 987 2656 pauimento
1017 2569 1167 2656 lapidum
1193 2571 1432 2655 quadratorum
1459 2579 1622 2657 tanquam

140 2699 142 2705 ·
262 2677 487 2746 solicitatores
516 2687 549 2746 et
580 2687 712 2745 actores
741 2673 852 2762 open's
885 2675 1026 2768 ecclesie
1057 2675 1249 2761 sumptibus
1279 2685 1312 2744 et
1342 2675 1499 2763 expensis
1532 2697 1622 2744 com·

259 2781 437 2852 munitatis
463 2805 504 2852 ae
529 2781 633 2852 etiam
661 2783 702 2851 de
730 2781 827 2852 bonis
857 2781 1000 2867 propriis
1030 2803 1171 2867 quorum
1203 2779 1392 2851 animarum
1424 2781 1622 2852 misereatur

260 2889 344 2957 deus

345 3115 480 3200 [A]nno
507 3115 634 3186 domini
665 3115 847 3184 Millesimo
876 3113 1107 3188 tricentesimo
1137 3111 1416 3200 quinquagesimo
1447 3115 1546 3182 Nono
1572 3117 1622 3184 vir
1645 3133 1743 3202 Merito

258 3223 366 3291 bonus
381 3230 415 3288 et
431 3221 608 3307 burgensis
623 3221 823 3291 Willermus
841 3221 882 3289 de
901 3241 1056 3287 merenez
1075 3219 1247 3288 decorauit
1268 3219 1446 3288 ecclesiam
1470 3221 1622 3307 parochi-

258 3327 348 3395 alem
367 3327 409 3396 de
430 3349 554 3413 magna
576 3327 734 3414 ymagine
757 3335 874 3394 sancte
898 3326 1002 3394 marie
1027 3328 1170 3412 desuper
1191 3327 1307 3394 Altare
1335 3325 1445 3392 sancti
1473 3327 1621 3394 leonardi

257 3433 384 3501 situata
408 3441 442 3500 et
469 3435 510 3502 de
536 3454 602 3502 vna
626 3433 766 3502 lenistra
788 3431 887 3502 vitria
909 3453 950 3501 ex
973 3443 1068 3519 parte
1090 3431 1240 3500 Australi
1267 3431 1360 3502 chori
1387 3429 1483 3500 cuius
1509 3431 1621 3500 anime

256 3538 456 3606 misereatur
471 3539 554 3607 deus

343 3767 401 3852 [A]
409 3787 478 3834 nno
493 3766 620 3836 domini
638 3767 821 3835 Millesimo
835 3765 1066 3836 tricentesimo
1082 3763 1361 3852 quinquagesimo
1376 3785 1465 3832 nono
1477 3763 1619 3834 honora·
1643 3779 1722 3846 cratg

256 3871 341 3944 biles
371 3875 555 3961 burgenses
585 3873 772 3942 laurentius
796 3875 837 3942 de
865 3874 955 3959 Crag
978 3883 1011 3942 et
1038 3873 1209 3940 lohannes
1234 3872 1371 3940 scherar
1393 3870 1619 3940 fundauerunt
1643 3843 1751 3898 ΒΜ

255 3979 372 4046 Altare
399 3978 499 4046 Beati
523 3977 674 4046 Duthaci
697 3987 731 4046 et
754 3989 959 4048 ornauerunt
986 3977 1068 4046 illud
1091 3979 1132 4046 de
1155 3977 1273 4046 eadem
1295 3973 1454 4064 ymagine
1477 3978 1620 4060 desuper

256 4084 384 4154 situata
410 4087 452 4153 de
478 4083 583 4154 calice
613 4086 774 4154 deaurato
800 4093 834 4152 et
860 4081 1073 4154 vestimentis
1103 4079 1231 4152 sanctis
1258 4091 1291 4148 et
1318 4079 1396 4168 alijs
1419 4079 1619 4148 utensilibus

257 4188 537 4258 conuenientibus
563 4191 605 4258 ad
633 4190 739 4258 altare
765 4191 814 4257 Ac
837 4191 940 4258 ctiam
968 4187 1126 4258 dominus
1152 4189 1304 4256 Andreas
1321 4173 1371 4256 'de
1397 4183 1619 4272 Abircrumby

256 4293 453 4380 capellanus
482 4293 633 4362 eiusdem
664 4294 833 4380 reparauit
863 4294 952 4363 idem
979 4295 1103 4363 Altare'
1120 4294 1161 4361 de
1187 4289 1391 4360 vestimento
1417 4285 1618 4358 sacerdotali

256 4419 397 4484 quorum
421 4397 611 4468 animarum
635 4397 834 4468 misereatur
856 4400 940 4468 deus

342 4635 399 4720 [Α]
408 4655 476 4703 nno
499 4634 626 4704 domini
648 4635 827 4706 millesimo
849 4635 1079 4704 tricentesimo
1098 4633 1308 4722 sexagesimo
1326 4631 1377 4701 vir
1396 4632 1559 4700 honestus
1582 4637 1615 4698 et
1638 4633 1759 4688 clamer

902 4741 923 4792 c
